3056 4768
558 261 623 318 not.
638 278 658 318 v
676 262 749 318 sei
769 264 802 318 v.
818 265 918 318 ia-ae
1179 239 1183 249 ’
1208 267 1246 332 89

654 435 809 490 Mussuiuio

217 535 276 593 Pro
300 533 330 592 di
352 533 548 607 immortales,
571 533 710 609 obsecro,
735 533 807 608 quid
830 551 885 610 ego
908 534 1001 594 oeulis
1022 533 1134 611 aspicio
1156 533 1248 595 meisi

217 645 310 704 Erum
332 662 429 704 meum
451 643 655 720 indignissime
677 644 778 704 nescio
801 645 853 720 qui
876 646 1021 706 sublimen
1043 646 1152 706 serunt.

625 753 840 806 Meminerimus

217 849 329 924 Ecquis
353 848 505 925 suppetias
527 849 567 908 mi
589 851 680 910 audet
702 848 805 909 serres

654 957 810 1012 Mussuiiio

833 1055 906 1131 Ego,
930 1073 989 1131 ere,
1013 1055 1219 1118 audacissime.

164 1163 242 1225 assO
265 1163 382 1225 facinus
404 1164 559 1241 indignum
581 1169 611 1225 et
632 1167 751 1242 malum,

215 1276 387 1351 Epidamnii
410 1277 500 1352 cives,
525 1294 608 1337 erum

215 1388 314 1447 Meum
336 1386 386 1447 hic
408 1387 438 1447 in
461 1391 569 1464 pacato
592 1388 704 1464 oppido

215 1498 291 1558 Luci
314 1499 456 1575 derupier
477 1500 508 1559 in
530 1499 589 1575 via,

215 1609 274 1682 Qui
296 1610 373 1670 liber
394 1610 434 1670 ad
456 1628 509 1670 vos
532 1612 655 1672 venerit.

163 1732 201 1774 999
214 1721 322 1781 Mittite
344 1721 450 1782 istunc.

632 1821 838 1881 Muunroiinus

457 1927 589 1989 Obsecro
610 1931 641 1988 te
664 1927 800 2004 quisquis
823 1946 946 2005 operam
967 1934 1001 1989 ut
1024 1929 1076 1989 des
1098 1930 1179 2006 mihi,

158 2087 163 2096 .
214 2040 281 2099 Neu
304 2039 384 2100 sinas
406 2039 438 2100 in
460 2058 506 2101 me
527 2040 667 2116 insignite
689 2039 754 2100 fieri
775 2043 889 2101 tantam
911 2041 1057 2101 iniuriam.

650 2148 806 2202 Messenio

214 2246 306 2304 Immo
330 2249 359 2305 et
381 2263 503 2322 operam
526 2245 604 2306 dabo
627 2250 657 2305 et
680 2246 838 2307 defendam
861 2251 891 2306 et
913 2246 1077 2307 subvenibo
1101 2247 1213 2307 sedulo.

213 2358 386 2433 Numquam
406 2361 436 2416 te
458 2357 556 2434 patiar
578 2357 691 2434 perire:
715 2376 763 2418 me
784 2357 912 2434 perirest
934 2357 1069 2432 aequius.

213 2468 306 2545 Eripe
328 2469 447 2528 oculum
468 2468 527 2544 isti,
552 2470 590 2529 ab
612 2486 715 2528 umero
738 2469 791 2544 qui
811 2472 903 2543 tenet,
928 2487 988 2543 ere,
1011 2473 1041 2528 te
1064 2469 1198 2529 obsecro.

160 2602 198 2644 eas
213 2580 304 2640 Hisce
328 2596 383 2655 ego
405 2579 465 2639 iam
487 2584 647 2640 sementem
665 2580 696 2639 in
712 2598 764 2639 ore
779 2580 887 2640 saciam
902 2597 1080 2657 pugnosque
1095 2581 1241 2641 obseram.

213 2691 340 2751 Maximo
363 2690 453 2751 hodie
476 2693 553 2751 malo
576 2690 677 2751 hercle
700 2695 802 2751 vostro
824 2692 922 2752 istunc
944 2683 1044 2752 sertis:
1069 2692 1183 2752 mittite.

627 2799 833 2852 murmannus

211 2897 313 2956 Teneo
337 2914 391 2973 ego
413 2896 484 2957 huic
506 2899 633 2958 oculum.

647 3004 803 3060 Mussuuro

545 3102 627 3162 Face
649 3107 681 3162 ut
703 3103 782 3162 oculi
804 3103 888 3162 locus
910 3103 941 3162 iu
964 3102 1063 3178 capite
1085 3107 1239 3179 appareat.
1337 3159 1338 3164 ,
1403 3167 1407 3176 ,

159 3214 272 3273 999999
296 3214 422 3288 scelesti,
445 3231 500 3273 vos
522 3214 650 3290 rapacis,
673 3232 727 3274 vos
749 3213 918 3290 praedones
941 3249 984 3256 —

215 3427 367 3475 Vaticanus:
394 3421 464 3490 quos
475 3426 517 3477 BC
632 3421 831 3476 circumsistens
847 3427 1001 3489 Lipsiensis:
1029 3422 1242 3478 circumstitisC

211 3502 386 3587 circumstitrs
396 3539 417 3587 Β
503 3522 562 3587 ’989
582 3539 629 3587 aut
647 3539 674 3586 99
687 3538 708 3586 Β
717 3550 761 3599 pr,
779 3536 799 3588 C
893 3541 941 3587 985
965 3511 1080 3600 Quinque
1098 3542 1240 3600 quaterno-

209 3627 263 3673 rios
276 3625 401 3684 descripsi
414 3629 518 3674 auctore
531 3625 685 3687 Kiessiinpio
692 3640 701 3682 ;
719 3625 747 3672 in
760 3624 782 3672 Β
797 3637 889 3672 versus
902 3626 952 3673 duo
963 3629 1024 3673 sunt
1041 3627 1078 3674 itu
1095 3625 1238 3673 distributi:

210 3711 229 3759 O
242 3710 350 3760 facinus
363 3745 370 3758 .
383 3746 390 3761 .
403 3722 480 3759 erum
492 3709 504 3773 ΙΙ
516 3710 606 3759 Meum
619 3746 625 3759 .
640 3745 645 3760 .
659 3745 665 3761 .
678 3710 784 3758 venerit
861 3713 909 3759 989
930 3710 1028 3760 liberat
1040 3708 1094 3769 BC,
1108 3711 1169 3759 otim
1180 3722 1240 3758 eor-

209 3801 308 3845 9999999
431 3799 479 3844 999
500 3790 607 3845 Mittitis
621 3797 687 3845 tuno
703 3794 722 3845 G
740 3793 868 3845 Mittit-is
883 3797 949 3844 tunc
968 3809 1026 3846 muna
1041 3798 1120 3845 unius
1138 3795 1240 3844 litterae

209 3881 341 3930 rusuch
360 3859 557 3931 Mittit⁹1itun6
573 3893 633 3930 9999
650 3882 788 3932 Vaticanus
879 3874 1002 3945 quisquis
1012 3882 1034 3930 B
1047 3874 1170 3944 quisquis
1178 3875 1240 3930 esC

300 3969 331 4016 ut
349 3966 397 4016 des
410 3967 477 4017 mihi
492 3966 672 4017 Camerarius:
694 3969 761 4017 mihi
774 3969 805 4017 ut
818 3962 867 4017 des
875 3968 916 4017 uei
929 3967 996 4015 mihi
1007 3961 1088 4016 uides
1189 3969 1237 4014 993

209 4061 252 4100 me
264 4052 380 4115 perirest
393 4053 506 4116 aequius
517 4051 697 4103 Cunurcrius:
716 4067 760 4102 mc
780 4047 885 4102 derires
894 4049 1001 4101 tecums
1008 4050 1028 4101 C
1039 4065 1083 4101 mc
1102 4047 1242 4102 derideres

209 4139 234 4185 te
253 4132 333 4187 cuius
344 4137 365 4186 Β

1016 4240 1031 4290 6
