3102 4766
655 261 764 321 Aeu1v
782 265 826 322 So.
843 269 855 318 1
875 267 910 322 V.
927 269 1010 320 1—12

614 1187 777 1247 MULIER.
822 1185 1047 1247 PENIOULUS

778 1337 900 1390 Murmure

275 1441 313 1484 ⁶46
326 1434 428 1511 Egone
450 1433 499 1494 hio
521 1453 566 1495 me
589 1435 687 1511 patiar
709 1453 773 1495 esse
793 1435 825 1494 in
847 1435 1037 1512 matrimonio,

326 1545 386 1606 Ubi
407 1546 453 1605 vir
476 1546 614 1622 compilet
636 1547 804 1607 olanoulum
827 1547 971 1624 quiequid
993 1547 1098 1608 domist

326 1658 428 1732 Atque
451 1658 489 1717 ad
513 1658 636 1718 amicam
659 1657 795 1718 deferat?

751 1765 927 1821 Puurouuus

796 1862 874 1936 Quin
896 1867 929 1923 tu
950 1867 1041 1925 iuees.

329 1972 486 2033 Manifesto
508 1974 577 2033 faxo
601 1973 660 2033 iam
681 1974 845 2050 opprimes:
872 1993 997 2052 sequere
1020 1976 1076 2035 heo
1099 1975 1193 2035 modo.

277 2095 315 2137 eso
328 2086 443 2145 Pallam
466 2084 504 2144 ud
526 2084 721 2161 phrygionem
743 2102 810 2145 oum
832 2103 940 2145 eorona
962 2086 1061 2147 ebrius

329 2197 468 2271 Ferebut,
491 2195 580 2256 hodie
602 2195 656 2256 tibi
679 2214 767 2270 quam
791 2197 943 2273 surrupuit
965 2199 1058 2258 domo.

330 2308 389 2368 Sed
412 2326 513 2368 eoeum
535 2326 680 2383 eoronam,
706 2325 794 2384 quum
816 2307 936 2369 habuit:
961 2328 1031 2370 num
1052 2309 1197 2370 mentiori

330 2420 385 2478 Em
407 2418 465 2479 huo
488 2419 568 2494 abiit,
592 2419 617 2478 si
638 2420 683 2479 vis
705 2420 847 2496 persequi
869 2420 1009 2496 vestigiis.

329 2530 432 2620 Atqpe
455 2529 561 2606 edepol
583 2547 694 2605 eodum,
719 2531 827 2607 optime
849 2531 1016 2608 revertitur,

279 2653 317 2694 use
331 2640 390 2700 Sed
413 2642 523 2716 pellem
544 2659 603 2701 non
625 2640 690 2701 fert.

773 2723 896 2778 Murum

688 2821 767 2894 Quid
790 2829 844 2899 e'go
867 2841 945 2884 nuno
970 2840 1036 2883 eum
1057 2822 1125 2882 illoe
1148 2822 1255 2900 egam

754 2929 928 2986 Pumouuus

331 3026 414 3086 Idem
437 3027 517 3102 quod
539 3045 670 3104 semper:
696 3029 771 3088 mele
794 3029 916 3088 habeas.

778 3137 901 3190 Merme

924 3214 972 3293 die
995 3232 1111 3276 oenseo.

758 3323 925 3374 Pruruurus

333 3419 400 3478 Huo
423 3418 635 3479 eonoedumus:
660 3437 698 3478 ex
719 3419 833 3480 insidiis
857 3439 982 3497 euoupu.

401 3643 449 3689 ele
467 3640 606 3690 medemur
622 3642 662 3691 uel
680 3642 814 3691 medemur
832 3642 877 3693 BG
894 3655 938 3692 me
955 3644 1043 3706 putrer
1060 3655 1119 3691 oorr
1140 3643 1159 3692 B
1226 3655 1284 3692 esse
1302 3643 1354 3691 add

335 3727 499 3779 Camerarius
575 3729 622 3775 ill
642 3739 733 3777 noursr
752 3728 772 3777 A
792 3727 866 3777 domi
885 3723 923 3778 est
940 3729 1032 3789 reliqui
1109 3730 1157 3777 ils
1179 3727 1224 3792 [id]
1246 3728 1281 3777 ad
1302 3726 1353 3778 Cu-

330 3814 470 3873 merorius,
489 3811 576 3875 Atque
590 3810 687 3875 [omne]
703 3813 843 3863 Muellerus
862 3815 966 3863 Prosod.
988 3817 1002 3861 2
1017 3828 1044 3878 p.
1059 3817 1107 3863 ⁴28
1216 3817 1263 3862 550
1282 3814 1353 3878 phy-

333 3898 456 3947 drrouem
474 3898 514 3946 vel
532 3895 678 3946 irrdronem
697 3897 742 3948 BC
819 3899 940 3949 eoroned
958 3899 1106 3949 Riteohelius
1124 3913 1182 3948 oum
1200 3900 1354 3950 Buechelero

401 3985 449 4032 557
470 3982 570 4031 Nouius
591 3996 619 4044 p.
636 3984 694 4042 lou,
710 3985 740 4031 li
761 3976 925 4048 ‘aucupavi,
949 3986 1067 4034 activum
1088 3985 1209 4049 positum
1227 3997 1276 4050 pro
1289 3997 1354 4048 pus-

332 4068 391 4116 sivo
405 4106 430 4116 ..
449 4068 559 4118 Plautus
579 4106 603 4117 ..
623 4068 697 4118 idem
715 4068 786 4119 Men.
806 4066 850 4119 “ut
868 4069 1050 4120 concedamus
1064 4107 1070 4119 .
1084 4108 1109 4121 ..
1125 4065 1264 4134 auoupa”‚'
