3102 4766
567 1147 871 1240 recuruum.

283 1422 471 1486 Necessitati
483 1439 601 1504 parens
612 1423 693 1485 hanc
704 1421 807 1485 Plauti
819 1421 973 1498 tabulam,
988 1442 1084 1503 quam
1096 1422 1237 1504 publicis

201 1526 319 1590 scholis
334 1525 540 1608 interpretari
552 1526 648 1604 soleo,
664 1524 820 1588 edendam
833 1527 956 1590 curavi:
975 1525 1139 1590 llitscbelii
1151 1527 1236 1589 enirn

202 1630 478 1694 Menaechmorum
494 1628 591 1693 editio
607 1638 743 1711 utraque
759 1638 792 1692 et
806 1630 905 1692 maior
921 1639 953 1693 et
969 1630 1071 1692 minor
1083 1630 1238 1693 exhausta

204 1735 323 1810 fertur3
341 1734 441 1798 Brinii
455 1732 586 1796 libellus
597 1732 756 1814 perutilis,
773 1733 923 1814 quoniam
940 1733 1018 1795 alias
1033 1734 1173 1796 rationes
1185 1753 1237 1796 se-

203 1838 324 1922 quitur,
345 1857 409 1900 non
425 1858 462 1900 ea
477 1837 583 1900 omnia
597 1837 818 1918 purata'habet
830 1856 912 1918 quae
928 1837 1022 1918 oupio
1038 1836 1238 1920 inpromptu

202 1959 274 2004 esse
289 1941 330 2005 iis
346 1942 403 2023 qui
426 1942 500 2004 huic
519 1941 778 2022 interpretationi
793 1960 922 2022 operam
938 1940 1043 2003 daturi
1059 1950 1149 2019 sunt;
1175 1943 1237 2006 Us-

201 2046 297 2128 singii
327 2054 433 2110 autem
463 2065 614 2126 magnum
645 2063 726 2126 opus
757 2053 869 2127 suapte
901 2053 1014 2107 natura
1044 2064 1107 2106 non
1130 2053 1237 2127 potest

200 2150 374 2217 multorum
396 2148 430 2212 in
452 2149 602 2212 manibus
623 2167 705 2212 esse.
750 2148 962 2222 Quamobrem
978 2167 1018 2210 ne
1034 2147 1236 2212 auditoribus

200 2252 348 2334 exempla
370 2251 520 2316 deessent
541 2250 656 2314 idonea
680 2259 712 2314 et
734 2251 908 2333 parabilia,
935 2251 1005 2333 ipse
1022 2252 1103 2314 hano
1119 2251 1236 2315 edendi

199 2375 330 2437 operam
343 2357 481 2437 sumpsi:
497 2376 561 2437 qua
573 2354 653 2437 quid
665 2355 796 2436 egerim,
811 2374 864 2416 res
876 2354 946 2436 ipsa
958 2353 1095 2418 docebit.
1119 2357 1238 2419 Emen-

203 2459 309 2524 datam
333 2459 473 2524 fabulam
497 2479 557 2522 neo
573 2457 647 2522 dedi
663 2478 723 2520 nec
738 2457 814 2521 dare
829 2458 935 2538 volui,
960 2477 1001 2521 ne
1017 2459 1045 2521 si
1060 2459 1236 2540 potuissem
1288 2517 1291 2530 ,

200 2563 350 2644 quidem:
377 2581 451 2624 nam
467 2564 511 2625 ita
527 2563 641 2643 sentio,
667 2562 708 2626 ils
724 2562 780 2643 qui
795 2562 934 2625 rationes
950 2582 986 2624 ac
1001 2562 1070 2626 vias
1086 2562 1237 2627 emenda-

200 2665 298 2730 tionis
320 2667 484 2730 Plautinae
509 2667 659 2749 plurimis
682 2665 926 2729 difficultatibus
953 2665 1124 2748 impeditae
1151 2676 1236 2731 recta

203 2771 371 2852 percipere
395 2771 546 2853 cupiunt,
576 2770 657 2832 nihil
679 2770 791 2834 utilius
812 2778 868 2833 aut
894 2769 995 2852 magis
1020 2773 1236 2834 necessarium

178 2911 180 2916 .
200 2889 282 2954 esse,
299 2893 395 2955 quam
407 2872 476 2938 eam
490 2876 621 2938 formam
633 2891 696 2956 qua
708 2874 766 2936 hae
779 2873 906 2936 tabulae
918 2874 1072 2936 librorum
1085 2877 1237 2938 memoria

198 2975 240 3040 ad
256 2985 396 3040 nostram
418 2987 553 3042 aetutem
572 2979 717 3060 proditae
734 2978 799 3041 sint
817 2977 946 3058 penitus
970 2995 1174 3060 cognoscere,
1200 2988 1238 3042 ut

200 3096 283 3163 quae
299 3081 333 3144 in
349 3094 386 3144 ea
401 3081 500 3145 forma
515 3102 615 3164 prava
631 3083 695 3146 sint
707 3089 763 3145 aut
778 3079 970 3143 dubitationi
986 3081 1124 3144 obnoxia
1139 3080 1237 3146 intel-

197 3183 297 3266 ligere
312 3193 474 3266 quotaque
490 3205 563 3268 pars
579 3205 688 3250 eorum
705 3183 927 3250 emendatione
940 3192 1025 3247 certa
1040 3187 1169 3249 restitui
1181 3196 1237 3250 aut

196 3287 358 3368 'probablli
382 3289 622 3354 ratiocinatione
656 3288 793 3352 stabiliri
815 3285 919 3368 possit
948 3307 1071 3369 quaeve
1102 3308 1160 3370 pro
1188 3291 1235 3353 rei

196 3399 311 3454 natura
335 3391 535 3474 inambigua
560 3395 625 3456 siut
646 3389 858 3474 relinquenda
879 3391 980 3473 probe
1003 3391 1144 3456 iudicare
1166 3393 1236 3458 dis·
1341 3399 1351 3404 “

197 3503 280 3558 cant.
322 3496 433 3578 ltaque
456 3506 578 3560 textum
601 3498 728 3560 fabulae
752 3493 890 3558 describi
912 3495 993 3558 iussi
1009 3496 1137 3577 qualem
1158 3498 1234 3561 libri

197 3597 309 3680 scripti
322 3599 485 3682 exhibent,
500 3599 755 3664 correctionibus
767 3617 831 3660 non
843 3599 981 3679 receptis
997 3599 1059 3662 nisi
1072 3621 1152 3682 quas
1165 3621 1236 3666 cer-

199 3707 247 3764 tas
261 3720 333 3764 esse
350 3703 530 3766 crederem:
550 3706 583 3766 in
598 3703 801 3768 adnotatione
817 3710 923 3764 autem
940 3702 1063 3767 subieci
1079 3705 1234 3768 librorum

199 3803 374 3886 scripturas
396 3821 533 3890 quarum
549 3814 580 3890 in
604 3807 810 3872 diiudicanda
833 3809 968 3871 lectione
985 3827 1080 3872 usum
1095 3828 1166 3872 esse
1183 3808 1235 3870 in-

199 3911 390 3992 telligerem,
408 3931 449 3974 ex
465 3910 572 3975 codice
587 3912 743 3994 rescripto
758 3897 968 3976 Ambrosiano
988 3911 1148 3994 quidquid
1165 3913 1235 3974 llit-

199 4015 339 4080 sohelius
352 4014 469 4090 attulit,
483 4016 706 4080 exGamerarii
718 4016 800 4079 libro
820 4016 951 4082 ‘Vetere’
967 4025 1001 4080 et
1016 4014 1141 4078 ‘Altero’
1159 4016 1235 4097 plu-

198 4117 294 4199 rima,
323 4118 439 4182 reiecta
464 4120 667 4200 potissimum
683 4118 840 4182 levidensi
857 4110 983 4200 generis
998 4120 1234 4201 orthographici

197 4217 422 4304 discrepantia,
440 4243 543 4304 pauca
558 4223 765 4306 exVaticano,
785 4222 817 4290 in
833 4223 884 4284 his
900 4223 1048 4288 omnibus
1063 4223 1233 4290 brevitatis
