3102 4766
312 291 350 355 18
640 291 825 348 Actaeus
844 296 880 350 v.
895 296 979 346 2-13

737 466 912 521 Puruounus

259 575 296 617 raa
310 561 393 620 Idem
415 561 491 621 istuc
514 562 580 622 aliis
603 563 793 640 adseriptivis
815 565 879 624 fieri
903 566 941 625 ad
963 566 1111 642 legionem
1134 567 1218 626 solet.

715 672 931 727 Muuauouuus

311 767 377 843 Ego
400 767 466 826 istie
489 767 560 827 mihi
582 767 672 828 hodie
695 770 837 847 adparari
857 771 960 831 iussim
983 771 1064 847 apud
1087 776 1116 832 te
1138 773 1293 848 proelium.

757 878 900 931 Euorruu

263 981 300 1022 18⁵
315 972 413 1032 Hodie
435 972 466 1031 id
489 972 548 1033 fiet.

724 1067 930 1138 Mnusnounus

562 1181 597 1239 ln
621 1198 656 1240 eo
679 1185 806 1257 uterque
828 1183 944 1259 proelio
967 1184 1144 1259 potabimus.

314 1291 388 1350 Uter
410 1290 452 1351 ibi
475 1292 579 1351 melior
601 1292 729 1353 bellator
752 1293 808 1352 erit
829 1294 967 1354 inventus
991 1295 1145 1370 oantharo‚

263 1410 301 1451 18⁷
316 1402 406 1462 Tuest
428 1403 507 1479 legio
531 1402 711 1479 adiudioato,
737 1423 803 1464 oum
825 1407 892 1464 utro
915 1405 994 1466 hano
1016 1410 1134 1467 noetem
1157 1405 1224 1466 sies.

315 1515 356 1573 Ut
379 1533 434 1591 ego
457 1532 589 1589 uxorem,
613 1533 679 1575 mee
701 1516 850 1591 voluptas,
874 1516 926 1576 ubi
948 1522 978 1577 te
1001 1517 1123 1593 aspicio,
1146 1517 1196 1577 odi
1218 1518 1303 1577 male.

760 1651 904 1703 Enorrun

317 1764 440 1823 Interim
462 1765 569 1840 nequis
593 1764 665 1839 quin
688 1765 752 1824 eius
775 1766 890 1840 aliquid
912 1767 1033 1826 indutus
1057 1765 1124 1825 sies.

266 1889 305 1931 roo
320 1875 399 1948 Quid
420 1874 478 1935 hoo
502 1875 566 1935 est'l

725 1984 940 2040 Manducemus

611 2098 757 2158 Induviae
780 2102 849 2159 tuae
873 2104 964 2177 atque
985 2100 1088 2161 uxoris
1111 2099 1246 2174 exuviae,
1270 2115 1347 2157 rosa.

760 2207 904 2288 Enomum

323 2305 454 2381 Superas
477 2303 583 2376 facile,
614 2308 647 2363 ut
677 2305 813 2381 superior
843 2306 883 2366 sis
912 2305 983 2365 milri
1008 2324 1096 2382 quam
1120 2306 1277 2382 quisquam
1300 2303 1351 2379 qui

840 2417 846 2438 “
939 2419 1107 2495 impetrant.

751 2527 926 2581 Pumounus

272 2653 311 2696 roa
323 2639 466 2699 Meretrix
487 2639 633 2715 tantisper
655 2640 822 2714 blanditur,
848 2641 917 2701 dum
938 2641 1015 2700 illud
1039 2641 1120 2716 quod
1142 2638 1239 2714 rapiat
1258 2636 1350 2696 videt.

325 2753 404 2811 Nam
426 2751 451 2810 si
474 2752 605 2825 amabas,
629 2750 687 2810 iam
711 2753 869 2827 oportebat
890 2771 995 2812 nasum
1018 2754 1174 2828 abreptum
1193 2749 1351 2810 mordiens.

731 2876 946 2931 Mnunucnmus

327 2991 445 3052 Sustine
467 2990 534 3066 hoo,
558 2990 715 3052 Penioule':
741 2991 864 3052 exuvias
886 2992 987 3052 faeere
1012 3009 1086 3068 quas
1108 2991 1178 3050 vovi
1200 2992 1279 3051 volo.

398 3287 444 3332 483
469 3284 552 3332 Varro
569 3284 600 3332 de
618 3283 707 3346 linquo
725 3283 806 3333 lutiuu
825 3285 850 3343 4,
870 3286 911 3342 56,
933 3296 960 3344 p.
977 3284 1024 3329 349
1053 3281 1097 3343 Sp.
1113 3273 1154 3330 ‘in
1174 3281 1355 3330 Menaechmis

327 3366 418 3418 “idem
438 3407 443 3418 .
463 3406 468 3418 .
486 3407 492 3417 .
513 3371 572 3432 fleri
589 3370 623 3418 od
648 3368 684 3429 (in
704 3368 798 3431 Flor.‘l)
814 3369 949 3431 stuplonem
972 3363 1066 3417 solet”.
1106 3366 1265 3431 adscriptivi
1289 3365 1355 3415 dieti

329 3455 404 3518 quod
429 3455 494 3504 olim
520 3453 750 3504 adscribebantur
774 3453 891 3503 inermes
910 3453 1022 3503 armatis
1040 3451 1174 3502 militibus
1194 3452 1241 3515 qui
1260 3463 1356 3501 suooe-

330 3541 425 3591 dorent
442 3541 466 3589 si
484 3541 546 3603 quis
565 3552 660 3589 eorum
679 3534 845 3604 deperisset?
911 3539 947 3589 ed
966 3538 1099 3601 legionem
1118 3538 1176 3588 fieri
1195 3539 1282 3587 Plauti
1299 3538 1358 3587 libri

401 3628 448 3675 484
468 3626 563 3676 iussim
580 3625 722 3676 Acidulius:
744 3619 806 3675 russi
901 3628 949 3673 l85
963 3623 1008 3673 fiet
1026 3624 1165 3674 Gruterus:
1187 3624 1233 3673 llet
1245 3622 1289 3673 BC

330 3747 436 3813 proelio
451 3746 580 3809 Soulipor:
601 3759 651 3811 pro
671 3746 717 3794 rlro
731 3746 776 3796 BC
862 3749 910 3795 487
930 3739 1009 3794 Tuest
1028 3744 1049 3793 B
1066 3757 1127 3793 corr
1208 3744 1281 3793 luas
1300 3744 1354 3792 est:

331 3833 413 3896 legito
433 3844 464 3880 ao
484 3831 605 3881 iudicato
624 3833 719 3881 conieci
738 3833 811 3891 oliuu·
831 3831 887 3881 Tua
899 3831 966 3880 haee
979 3832 1021 3879 est
1033 3829 1117 3892 legio:
1133 3829 1291 3880 adiudicato
1306 3829 1358 3876 Po-

330 3932 392 3969 reus
469 3919 568 3967 utrone
587 3917 771 3976 Flecteireuus,
791 3917 871 3967 utrod
892 3917 1041 3967 Rilsobelr'us
1129 3919 1175 3964 489
1195 3915 1282 3964 intuta
1300 3927 1360 3962 corr

334 4006 429 4055 indute
448 4004 469 4053 B
547 4004 601 4052 sies
621 4003 744 4064 Pylades:
765 3999 799 4053 sil
880 4005 927 4050 498
948 4002 1049 4052 Nouius
1064 4015 1093 4064 p.
1115 4004 1173 4060 498,
1195 4004 1222 4048 ll
1240 3991 1360 4048 ‘mordi-

333 4103 397 4142 ouS.
409 4129 414 4140 .
426 4090 464 4140 Pl.
479 4090 549 4139 llen.
565 4086 731 4140 “iamdudum
749 4091 860 4152 oportuit
878 4101 975 4140 nasum
991 4090 1111 4150 adeptum
1124 4087 1291 4151 (ademptum
1304 4085 1358 4147 edd)

333 4170 506 4226 mordicus”.'
593 4177 640 4224 494
660 4189 728 4238 ques
746 4175 810 4224 vovi
828 4175 891 4224 volo
913 4174 1092 4225 Camerarius:
1114 4166 1184 4236 ques
1198 4169 1247 4221 luo
1265 4171 1360 4220 uruolo
