3056 4768
652 292 718 351 Act.
730 311 749 349 v
768 294 812 366 Sc.
825 298 840 348 4
858 296 894 352 V.
907 298 1010 350 40-54

756 467 911 521 Musaeum

453 567 542 626 Nunc
564 565 614 626 ibo
637 565 668 625 in
690 566 854 640 tabernam,
878 582 951 626 vasa
973 569 1065 641 atque
1087 570 1244 642 argeutum
1264 567 1319 626 tibi

254 693 305 733 0040
318 677 474 752 Referam3
498 680 580 737 recte
603 681 649 737 est
669 677 857 754 obsignatum
878 678 910 736 in
931 677 1034 738 vidulo
1056 677 1259 754 marsuppium

323 783 392 850 [An.
410 785 445 839 Id
463 785 488 840 si
506 785 633 840 attulerit
651 785 742 839 dicam
759 791 792 839 ut
809 801 827 839 a
844 800 888 839 me
906 785 992 841 abeat
1009 784 1081 840 liber
1098 800 1154 854 quc
1171 785 1265 851 volet]

255 889 305 931 ¹⁰²⁰
321 882 394 942 Cum
416 883 540 943 viatico:
565 882 596 942 id
617 881 673 942 tibi
695 882 755 942 iam
776 880 836 942 huc
858 882 1002 943 adferam.

725 990 942 1046 Mnuancumus
1032 1023 1033 1026 =

1000 1078 1098 1139 Adfer
1121 1083 1249 1141 strenue.

755 1183 912 1238 Mussnruo

319 1285 438 1344 Salvom
459 1284 514 1344 tibi
536 1283 579 1343 ita
600 1287 634 1343 ut
655 1282 727 1342 mihi
750 1283 860 1343 dedisti
880 1283 1023 1344 reddibo:
1047 1285 1172 1346 hic...

726 1391 942 1445 Mnuaucmrus

182 1511 198 1573 ι
255 1504 305 1547 0000
318 1489 418 1550 Nimia
440 1477 516 1549 miri
537 1486 609 1547 mihi
633 1488 752 1563 quidem
775 1487 865 1548 hodie
888 1493 993 1548 exorta
1015 1494 1085 1549 snut
1112 1491 1213 1550 multis
1242 1491 1345 1551 medis.

317 1600 381 1660 Alii
402 1617 449 1658 me
470 1604 582 1677 negant
605 1618 672 1659 enm
695 1617 760 1660 esse
784 1599 836 1675 qui
858 1617 923 1659 sum
945 1603 1036 1675 atque
1059 1602 1224 1662 excludunt
1248 1602 1344 1663 feras:

318 1711 417 1771 Etiam
428 1710 478 1770 hic
493 1728 610 1771 servom
625 1729 691 1772 esse
706 1728 738 1771 se
750 1729 847 1770 meum
858 1711 967 1786 aiebat,
985 1729 1073 1787 quem
1085 1730 1141 1790 ego
1154 1713 1238 1773 emisi
1249 1732 1344 1774 mauu.

255 1830 305 1873 0000
318 1824 349 1882 40
372 1821 413 1882 044
436 1839 467 1882 00
490 1822 561 1882 mihi
584 1823 744 1883 allaturum
766 1840 833 1882 cum
855 1827 980 1900 argento
1002 1824 1221 1900 marsuppium:

318 1934 355 1994 Id
377 1935 403 1994 si
425 1933 575 2009 adtulerit,
599 1934 697 1994 dicam
717 1939 752 1994 ut
774 1953 792 1994 a
814 1951 860 1994 me
883 1935 972 1995 abeat
993 1935 1070 1995 liber
1093 1953 1153 2010 quo
1174 1936 1265 2010 volet,

317 2047 458 2120 Netum,
483 2045 604 2120 quando
627 2062 717 2104 sanus
739 2045 837 2106 factus
859 2045 906 2121 sit,
929 2065 949 2105 a
969 2065 1016 2107 me
1038 2052 1194 2124 argentum
1215 2051 1306 2123 petat.

319 2157 412 2217 Socer
434 2161 464 2216 et
485 2154 618 2216 medicus
639 2174 686 2216 me
707 2156 838 2217 insanire
854 2130 982 2218 aiebant.
1014 2157 1093 2230 Quid
1108 2157 1155 2233 sit,
1178 2157 1254 2218 mira
1268 2163 1345 2218 suut.

318 2269 403 2328 Haec
424 2267 517 2328 nihilo
541 2285 605 2329 esse
627 2266 699 2327 mihi
721 2267 860 2328 videntur
882 2286 969 2329 secus
992 2287 1081 2344 quam
1104 2269 1225 2329 somnia.

319 2451 393 2489 nunc
411 2440 566 2489 Messenioni
582 2441 715 2489 0004400004
732 2439 863 2488 Acidaliae
964 2440 1025 2490 Post
1038 2443 1102 2488 4049
1121 2441 1149 2488 ia
1166 2440 1240 2489 libris
1252 2442 1295 2502 pai
1305 2453 1347 2489 00-

318 2528 406 2587 004400
422 2537 528 2587 000000,
547 2525 587 2574 4040
605 2525 701 2575 deletam
716 2538 733 2590 u
746 2525 856 2586 Pylade,
875 2525 943 2575 redit
960 2526 1031 2587 40400
1044 2529 1109 2574 4006
1128 2538 1175 2574 rue
1193 2527 1263 2576 4000.Ι
1281 2527 1348 2574 idem

317 2615 376 2674 post
389 2613 454 2658 4049
470 2613 571 2672 positas
588 2611 712 2659 4004404040
731 2615 768 2659 004
786 2611 923 2660 turbarum
940 2623 975 2659 00
992 2613 1099 2672 repetito
1115 2625 1140 2660 v.
1154 2614 1219 2659 4049
1239 2616 1264 2662 04
1282 2613 1345 2659 4004

320 2697 511 2761 marsuppium
522 2696 646 2745 00004040
658 2701 792 2754 ortanum
819 2697 846 2745 irl
863 2697 930 2757 00004
947 2700 1022 2746 acute
1043 2699 1179 2758 pcrrpeail
1198 2696 1348 2759 Speayelias

320 2784 442 2844 440000.
456 2786 486 2830 00
562 2784 627 2829 0000
647 2781 701 2830 iam
719 2779 795 2830 0000
873 2784 935 2828 4004
960 2782 1060 2830 Nonius
1075 2795 1103 2844 ρ.
1117 2784 1176 2841 tre,
1191 2775 1348 2833 ss‘reulieo

319 2881 369 2933 pro
382 2868 505 2918 reddam.
523 2866 633 2916 Plautus
647 2867 675 2916 iu
688 2867 785 2916 Casina
795 2865 829 2928 [4,
841 2865 881 2929 44]
896 2865 970 2916 “ruri
983 2865 1125 2916 reddibo”.
1150 2867 1226 2916 idem
1239 2868 1266 2917 in
1280 2867 1348 2917 Men.

319 2953 437 3004 “salvum
454 2953 505 3003 tibi
523 2956 561 3003 ila
578 2953 609 3002 ut
626 2953 694 3001 mihi
713 2952 812 3001 dedisti
825 2946 966 3004 reddilo”.'
1055 2954 1120 3002 rtem
1136 2954 1226 3014 priore
1238 2953 1292 3003 4000
1304 2951 1350 3003 BG

423 3039 555 3089 redhibeo
572 3037 591 3088 C
608 3033 654 3088 sed
673 3038 761 3088 habeo
776 3039 813 3098 B‚·
832 3036 954 3087 reddebe
973 3039 1105 3099 reperiere
1124 3039 1178 3088 4000
1191 3037 1236 3088 BC

321 3125 366 3174 hic
377 3137 456 3174 00000
467 3125 556 3174 mutilo
569 3123 629 3184 BC;
648 3125 694 3173 hic
705 3137 796 3174 mame
811 3125 880 3184 (corr
892 3122 978 3184 mane)
997 3124 1017 3172 B
1030 3124 1130 3172 hicme
1144 3137 1223 3174 mane
1238 3123 1349 3186 Crupru

389 3213 455 3258 4000
474 3210 556 3260 hodie
574 3222 657 3271 supra
674 3222 715 3259 om
728 3208 773 3259 BG
909 3208 1011 3272 multis]
1032 3204 1111 3258 mirus
1126 3223 1210 3271 supra
1228 3210 1274 3261 BG
1289 3223 1349 3260 0000

390 3297 455 3344 4004
469 3297 568 3356 Reliqui
579 3309 671 3346 000000
682 3295 795 3358 formam
806 3307 871 3356 0000
883 3295 923 3344 4040
935 3300 974 3345 004
984 3298 1011 3345 ia
1024 3295 1107 3354 libris,
1123 3309 1190 3357 pauc
1201 3298 1262 3358 00404
1274 3297 1349 3346 distet

320 3396 337 3431 a
355 3383 496 3443 superioris
514 3382 563 3430 4004
579 3383 712 3443 scriptura
729 3385 853 3442 apparel;
875 3393 952 3443 pesse
970 3385 1016 3430 004
1034 3381 1101 3430 hunc
1118 3394 1223 3431 00000000
1246 3387 1292 3433 004
1309 3387 1349 3431 40-

322 3470 371 3517 lius
391 3472 505 3517 tenerem
522 3469 647 3516 0004400040
670 3469 697 3516 40
718 3468 859 3529 pristinam
875 3466 987 3529 formam
1004 3469 1123 3516 00000004
1141 3469 1247 3530 demere

322 3581 387 3628 4000
405 3579 464 3628 Vide
476 3580 511 3627 ud
523 3555 567 3627 404
574 3583 588 3627 9
686 3533 917 3642 lpsenadlulerrtll
929 3579 975 3627 4000
987 3579 1040 3627 4000
1126 3591 1171 3627 me
1182 3577 1283 3628 habeat
1295 3578 1314 3629 C
1325 3583 1349 3627 04

320 3671 429 3727 utroque
447 3665 501 3714 4000
513 3665 550 3724 44,-
570 3678 651 3728 supra
669 3678 712 3714 me
725 3665 807 3715 abeat
821 3663 877 3714 Cel
892 3664 985 3713 corrB
1074 3663 1138 3712 med
1151 3663 1233 3714 abeat
1244 3665 1348 3714 Bellias

401 3754 465 3799 4004
477 3751 518 3801 Ne
537 3753 595 3800 tum
608 3752 747 3800 Lambinus
757 3750 880 3800 :nedum
892 3750 932 3799 004
944 3749 1062 3798 necdum
1161 3753 1227 3798 4008
1240 3749 1349 3800 aiebant

324 3837 504 3887 0000000040οι
526 3835 656 3886 dicebant
766 3838 831 3884 4009
847 3835 944 3886 Gellius
955 3835 1108 3902 Ν.Α.48,9,
1124 3826 1237 3885 l‘Velio
1248 3834 1347 3898 Longo,

321 3935 376 3972 nou
395 3923 499 3972 homini
518 3921 644 3980 indocte,
670 3920 753 3970 fidem
771 3935 831 3971 esse
849 3920 1019 3980 habendam,
1040 3921 1087 3984 qui
1106 3920 1134 3970 iu
1153 3920 1349 3970 commentario

323 4008 397 4071 quod
410 4007 519 4057 iecisset
531 4008 566 4057 de
577 4021 630 4057 usu
642 4008 771 4070 autiquae
783 4007 908 4057 lectionis
921 4007 1071 4070 scripserit,
1083 4020 1138 4057 nou
1151 4006 1265 4070 inseque
1277 4005 1349 4070 apud

321 4093 440 4142 Ennium
458 4093 602 4156 legendum
621 4093 669 4143 sed
687 4092 788 4152 insece,
809 4092 925 4155 ideoque
939 4106 954 4142 a
968 4091 1108 4142 veteribus
1127 4104 1195 4155 quas
1215 4091 1350 4142 narratio-

323 4191 370 4228 nes
390 4178 508 4228 dicimus
521 4179 684 4229 inseclioues
701 4191 760 4228 esse
773 4177 935 4242 appellatas,
948 4176 1098 4228 Varronem
1118 4189 1228 4242 quoque
1239 4189 1350 4228 versum
