3102 4766
319 277 360 338 40
650 273 716 328 Act.
727 287 763 328 111
781 272 853 328 Sei
871 275 906 330 V.
921 277 1020 327 10-28

319 448 394 507 Boni
418 448 541 508 dedistis
562 451 639 526 plus,
664 449 716 524 qui
738 449 833 510 minus
856 449 1042 526 speraveritl

268 573 308 616 466
321 560 443 635 Prandi‚
466 561 577 635 potavi,
601 565 730 621 scortum
752 561 887 636 accubui,
912 562 1021 622 abstuli

318 673 415 748 Hane,
441 673 546 749 quoius
568 629 840 748 &numquam
863 672 918 732 erit
939 677 1007 749 post
1029 674 1107 733 huno
1131 673 1217 734 diem.

746 781 920 834 Pannonius

318 879 444 953 Nequeo
468 896 545 954 qnae
567 877 699 952 loquitur
721 876 864 938 exaudire
887 879 1063 962 clanculum.

318 989 407 1050 Satur
428 1007 506 1049 nuno
529 987 660 1064 loquitur
682 988 719 1050 de
742 1007 789 1049 me
811 993 841 1048 et
863 989 900 1049 de
921 989 1001 1065 parti
1022 1008 1096 1049 mea.

728 1097 942 1151 Munanonmus

318 1194 372 1254 Ait
393 1193 472 1254 hano
495 1194 612 1254 dedisse
635 1213 681 1254 me
704 1194 760 1254 sibi
783 1197 873 1269 atque
896 1212 961 1254 eam
983 1213 1066 1254 meae

269 1318 308 1360 ero
321 1306 414 1365 Uxori
436 1306 639 1382 surrupuisso;
664 1305 803 1380 quoniam
826 1305 920 1365 sentio

319 1417 439 1492 Errare,
464 1419 620 1493 extemplo,
645 1415 732 1491 quasi
753 1434 802 1475 res
825 1434 891 1476 oum
914 1435 951 1476 oa
973 1420 1051 1477 esset
1073 1415 1152 1491 mihi,

320 1527 411 1605 Coepi
434 1528 599 1588 adsentari:
625 1527 730 1588 mulier
753 1527 896 1603 quioquid
919 1528 1043 1603 dixerat,

318 1639 402 1699 Idem
424 1657 478 1717 ego
502 1639 652 1700 dicebam:
678 1639 752 1714 quid
773 1639 872 1699 multis
894 1638 994 1699 verbis
1017 1639 1131 1718 opust?

320 1750 433 1811 Minore
455 1769 604 1826 nusquam
626 1752 702 1811 beno
723 1750 767 1810 fui
790 1750 954 1826 dispondio.

745 1857 917 1912 anonnus

267 1968 306 2009 ne
319 1956 419 2016 Adibo
443 1957 482 2016 ad
503 1955 664 2016 hominem:
689 1973 758 2015 nam
779 1956 901 2015 turbare
923 1953 1026 2031 gestio.

727 2063 941 2116 Mnunuoamus

322 2160 395 2234 Quis
417 2161 465 2220 hio
489 2165 542 2236 est,
567 2161 618 2236 qui
641 2160 786 2219 adversus
808 2160 831 2217 it
853 2158 945 2218 mihit

744 2267 918 2321 Pamcnnus

948 2354 1026 2428 Quid
1049 2353 1102 2428 ais,
1126 2353 1211 2414 homo

318 2468 428 2528 Levior
452 2486 540 2544 quam
562 2471 673 2545 pluma,
696 2468 823 2545 pessime
847 2469 877 2527 ot
898 2464 1086 2541 nequissime,

318 2579 480 2656 Flagitium
501 2579 637 2652 hominis,
662 2579 785 2640 subdole
809 2596 844 2638 ao
867 2577 978 2637 minimi
1000 2573 1099 2652 pretii

319 2690 398 2763 Quid
421 2691 458 2752 de
481 2695 510 2750 te
533 2692 636 2766 merui,
661 2709 721 2767 qua
743 2708 789 2749 me
812 2706 904 2749 eausa
925 2685 1090 2764 perderes?

267 2802 360 2862 466444
382 2802 561 2879 surrupuisti
582 2806 612 2862 to
635 2801 706 2860 mihi
729 2801 840 2861 dudum
863 2799 900 2858 do
922 2799 994 2872 foro,

319 2913 432 2975 Fecisti
453 2913 542 2974 funus
565 2913 633 2974 mod
655 2914 778 2973 absente
799 2910 935 2988 prandio,

321 3024 381 3085 Gur
404 3025 626 3101 assuefacere,
652 3024 722 3100 quoi
744 3041 799 3100 ego
822 3040 918 3097 aequo
939 3020 1027 3097 heres
1050 3016 1151 3079 erami

387 3214 436 3260 464
456 3218 480 3264 64
499 3215 547 3263 444
567 3215 670 3263 inverso
688 3212 777 3260 ordine
790 3210 843 3273 ΒΟ,
857 3214 926 3259 recte
944 3209 1056 3258 ordinati
1073 3209 1101 3256 io
1117 3207 1171 3256 cod.
1187 3206 1312 3268 lipsiensi

388 3301 435 3346 464
456 3299 607 3349 Priscianus
625 3302 650 3358 9,
667 3311 695 3360 p.
713 3299 770 3356 484,
791 3299 821 3345 46
842 3296 872 3346 Η.
892 3288 1026 3360 ‘prandeo
1050 3291 1156 3356 prandi.
1174 3291 1212 3340 Pl.
1231 3291 1258 3340 in
1277 3291 1344 3340 Men.

318 3383 433 3448 “prandi
445 3389 470 3434 64
481 3385 583 3447 potavi,
598 3385 721 3434 scortum
734 3375 886 3432 accubui”.³
948 3371 1045 3442 apstuli
1061 3376 1080 3428 C
1150 3378 1198 3425 466
1212 3370 1291 3426 curus
1301 3375 1346 3427 BC

319 3481 509 3526 ouorusnanuus
527 3475 552 3520 64
569 3481 636 3518 uuus
654 3469 675 3518 A
693 3469 764 3517 solas
852 3469 899 3515 468
923 3468 993 3515 deest
1009 3466 1037 3512 ia
1054 3464 1092 3521 4,·
1110 3475 1158 3512 aec
1176 3467 1261 3512 466666
1278 3466 1347 3511 reete

318 3558 346 3604 io
359 3559 529 3618 suspicionem
540 3560 658 3617 vocatur,
677 3567 759 3615 aequo
776 3555 828 3603 alio
844 3553 897 3601 allo
915 3552 968 3600 loco
986 3551 1072 3612 nptias
1084 3547 1172 3598 baberi
1178 3550 1263 3609 potuit

319 3643 390 3705 parti
412 3639 565 3704 GparteB
669 3641 717 3689 444
738 3639 819 3702 opust
836 3636 934 3686 addidit
947 3635 1057 3697 Pylades
1161 3635 1209 3681 444
1229 3633 1347 3682 Doaaias

318 3728 346 3775 ia
366 3726 481 3776 44664664.
496 3729 520 3786 4,
539 3729 563 3786 4,
577 3729 592 3773 a
607 3717 651 3775 ‘ut
669 3725 703 3774 de
721 3722 855 3788 symbolis
873 3734 1007 3772 essemus:
1029 3720 1066 3769 Pl.
1086 3720 1113 3769 in
1131 3719 1200 3768 Men.
1219 3715 1346 3766 “minora

319 3824 454 3876 nusquam
473 3811 514 3861 fui
533 3811 675 3876 dispendio
682 3807 706 3860 ”.
726 3809 775 3859 sad
792 3808 890 3858 melius
912 3818 1034 3856 essemus
1051 3805 1218 3868 productae
1240 3795 1344 3852 littera?

405 3899 452 3947 446
472 3897 608 3948 aduersus
627 3897 648 3945 it
666 3897 786 3946 Boibias:
808 3890 953 3944 aduersum
971 3887 1004 3941 444
1020 3891 1065 3942 BG
1168 3889 1303 3938 Diomedes
1321 3889 1345 3946 4,

316 3996 343 4045 p.
358 3986 417 4043 444,
431 3986 463 4031 44
478 3983 508 4032 K.
523 3975 675 4032 ‘interdum
689 3981 882 4044 comparativus
895 3977 1063 4027 nominativo
1082 3975 1211 4038 iungitur,
1230 3974 1262 4022 ut
1280 3972 1347 4022 doo-

319 4069 373 4117 tior
390 4068 436 4118 hio
455 4082 538 4132 quam
557 4068 612 4127 ille,
632 4069 663 4116 ut
680 4066 717 4116 Pl.
737 4067 765 4115 iu
776 4066 846 4114 Men.
859 4063 949 4127 “quid
967 4064 1007 4112 ais
1092 4053 1221 4123 pluma”.’

322 4155 365 4204 444
389 4155 453 4204 med
471 4153 583 4204 absente
598 4158 658 4216 posi
677 4152 834 4203 salmasium
852 4149 973 4199 Bestius:
994 4161 1055 4196 meo
1069 4141 1174 4195 ablentr
1248 4144 1296 4192 444
1316 4155 1347 4192 66
