3102 4766
538 293 604 350 Aet.
619 307 651 348 1v
669 294 713 351 Se.
729 296 744 346 2
763 295 798 349 V.
815 296 898 347 1-19

332 630 619 692 nnnnnennue.
664 587 828 691 666666.
868 631 1092 710 prauumue

614 833 826 887 Mnunnenuun

205 959 246 1018 Ut
267 956 324 1017 hoe
346 957 455 1016 utimur
477 957 603 1016 maxime
626 973 706 1018 more
728 973 808 1017 moro

206 1071 391 1144 Melestoque
412 1069 535 1128 multum
558 1071 648 1143 atque
671 1067 714 1127 uti
737 1067 848 1144 quique
872 1070 941 1128 sunt

157 1194 195 1237 666
208 1179 330 1257 Optumi
352 1196 488 1239 maxume
511 1196 621 1238 morem
643 1175 756 1239 habent
777 1177 873 1239 hune:

191 1291 330 1353 .Olientis
353 1291 410 1351 sibi
432 1307 532 1362 omnes
555 1292 659 1350 velunt
681 1307 745 1350 ease
768 1291 890 1350 multus:

206 1403 320 1464 Bunine
344 1421 382 1462 an
404 1402 474 1462 mali
496 1402 563 1477 sint,
585 1402 617 1462 id
639 1400 721 1461 haud
744 1401 922 1476 quaeritant.

208 1516 267 1574 Res
290 1514 383 1590 magia
407 1513 561 1588 quaeritur
583 1529 671 1589 quam
695 1512 834 1572 elientum
855 1511 930 1572 fides
949 1512 1111 1573 cuiusmodi
1127 1514 1232 1573 clueat.

209 1625 240 1686 Si
262 1629 307 1685 666
328 1643 444 1701 pauper
468 1626 558 1700 atque
579 1621 662 1683 hand
683 1625 788 1697 malae,
810 1641 940 1699 nequam
962 1621 1104 1684 habetur:

159 1751 197 1794 665
210 1736 262 1797 Sin
284 1736 368 1796 dives
389 1737 485 1795 malus
508 1739 562 1809 est,
585 1734 610 1794 ie
634 1734 726 1795 eliens
749 1733 828 1810 frugi
849 1732 986 1794 habetur.

197 1847 268 1921 ¹Qui
290 1866 388 1923 neque
411 1848 493 1922 leges
515 1863 613 1920 neque
637 1863 766 1922 aequum
788 1846 897 1906 bonum
919 1862 1046 1921 usquam
1068 1846 1178 1921 uolunt,

212 1958 358 2019 Sollicitos
381 1962 521 2034 patronos
543 1955 663 2018 habent.

211 2072 321 2130 Datum
344 2069 493 2144 denegant
516 2068 595 2144 quod
618 2068 756 2143 66666666,
786 2068 881 2127 litium
903 2068 994 2144 pleni,
1022 2075 1157 2145 reparer,
1181 2069 1238 2128 viri

829 2179 1021 2254 fraudulenti,

213 2292 271 2365 Qui
293 2295 345 2351 ant
366 2291 487 2352 faenore
509 2295 561 2351 aut
582 2290 720 2368 periuriis
743 2288 855 2351 habent
881 2309 943 2350 rem
973 2295 1124 2367 paratam:
1156 2309 1238 2350 mens

829 2403 927 2462 estin
951 2402 1100 2477 querellis.

163 2531 202 2574 66
215 2515 291 2575 Iuris
314 2515 366 2575 ubl
389 2514 497 2574 dieitur
519 2513 592 2588 dies,
616 2512 703 2571 simul
724 2513 857 2588 patronis
881 2512 997 2588 dieitur,

215 2625 333 2702 Quippe
356 2625 408 2701 qui
430 2642 484 2701 pre
505 2624 565 2683 illis
587 2626 756 2699 loquantur,
781 2641 858 2698 quae
882 2626 958 2683 male
980 2623 1113 2684 fecerint.

215 2737 278 2796 Aut
300 2738 339 2797 ad
361 2738 503 2813 populum
526 2739 578 2795 aut
599 2735 630 2794 in
652 2735 716 2794 iure
739 2739 791 2795 aut
812 2734 894 2811 apud
916 2735 1042 2795 aedilem
1065 2755 1112 2797 rea
1136 2742 1189 2797 est.

284 3029 332 3074 558
351 3039 404 3096 sqq.
425 3027 527 3076 8666665
550 3027 745 3088 descriptionem
768 3037 891 3075 versuum
908 3039 974 3086 quae
992 3031 1029 3076 ert
1051 3029 1080 3076 iu
1098 3027 1128 3086 B,
1152 3040 1241 3088 quam-

215 3124 293 3173 quam
310 3115 429 3172 apertam
447 3115 493 3171 est,
513 3112 579 3172 qued
597 3112 706 3161 Brixiae
721 3114 864 3173 persperee't,
886 3114 1020 3161 558-565
1039 3115 1171 3162 continues
1188 3126 1242 3162 esse

215 3197 335 3246 beroleos
449 3199 497 3245 558
516 3209 594 3245 moro
613 3197 728 3259 lipsius:
755 3209 864 3246 morum
979 3200 1028 3245 566
1047 3210 1173 3247 maxume
1192 3199 1242 3248 Lo·

215 3295 322 3332 manas:
343 3294 465 3331 maxumi
575 3283 622 3330 563
649 3281 778 3330 clientum
801 3282 1019 3334 CellentrumB
1114 3283 1243 3335 clueatc

217 3368 299 3417 dueat
311 3367 333 3417 Β
405 3367 549 3428 Nequitia
563 3368 725 3418 collocatione
737 3368 850 3427 haereat,
864 3369 925 3417 dicit
938 3368 1067 3418 clientum
1086 3382 1143 3418 rem
1156 3372 1242 3432 magis

216 3466 298 3516 quam
317 3451 399 3502 fidem
418 3452 512 3515 quaeri
525 3453 614 3515 qualis
632 3453 675 3503 sit.
706 3451 872 3513 66666678
976 3456 1023 3503 566
1048 3455 1242 3504 arn-murana

285 3540 334 3586 566
353 3542 377 3587 66
396 3540 443 3586 567
470 3541 497 3587 lu
514 3552 596 3588 uatem
612 3551 717 3589 versum
735 3551 890 3600 quamquam
908 3539 1053 3601 bipertitam
1070 3540 1240 3603 6666669566,

216 3625 259 3685 qul
278 3625 398 3673 universe
416 3625 523 3674 eandem
540 3637 599 3674 eum
617 3625 639 3673 B
657 3626 850 3686 descriptionem
868 3629 935 3674 66666
1065 3628 1113 3675 568
1138 3627 1205 3674 idem
1222 3624 1242 3675 A

217 3737 337 3784 terminat
352 3739 410 3797 port
427 3747 539 3799 rapaces
682 3738 730 3785 669
750 3735 818 3795 Qum
835 3737 867 3786 66
885 3695 1032 3803 ronoma'ff‘n
1051 3736 1102 3795 Qui
1121 3737 1167 3787 666
1185 3734 1243 3785 loe-

217 3832 283 3868 nore
302 3821 348 3870 666
369 3819 389 3869 C
496 3833 573 3869 mens
592 3823 678 3871 estin
698 3821 816 3884 querelis
835 3822 895 3870 olim
912 3827 1070 3872 correctum:
1091 3815 1181 3870 manle
1200 3834 1243 3870 m-

218 3917 273 3968 quo
291 3917 320 3954 re
339 3905 350 3967 ΙΙ
369 3900 414 3954 Lrl
430 3906 452 3956 B
466 3919 516 3968 pr,
535 3903 628 3956 manle
646 3913 741 3970 inquor
760 3905 788 3956 re
805 3907 816 3969 ll
832 3899 876 3955 Lrl
892 3908 914 3956 B
933 3920 1007 3965 eurr,
1033 3900 1141 3957 mensae
1159 3919 1242 3970 mque

218 4002 258 4038 rre
280 3986 346 4041 lrlc
425 4004 508 4049 nonen
527 3995 650 4054 apparare
667 3995 695 4043 56
712 3992 742 4052 Α,
763 3995 806 4054 666·
822 4006 848 4041 v.
863 3995 912 4041 576
932 3993 964 4043 66
982 3992 1052 4042 Iuris
1070 3993 1170 4041 orditur

219 4079 267 4124 576
278 4073 345 4125 rnrrl
355 4077 503 4126 Vaticanus:
515 4073 633 4128 mrrlBC
692 4082 736 4128 576
749 4077 860 4140 fortusse
871 4091 941 4140 quae
951 4076 1034 4140 [mali]
1047 4077 1125 4126 mele.
1147 4077 1185 4140 Cf.
1195 4081 1242 4129 593

287 4165 335 4212 678
354 4175 419 4211 666·
499 4176 610 4213 rameru
629 4163 649 4213 A
669 4166 716 4214 666
734 4164 902 4214 adrudrcem
922 4161 965 4213 BG
