3102 4766
565 242 657 318 Aotss1
676 261 720 317 So.
737 264 748 314 1
770 263 805 317 V.
823 263 904 314 1-13

490 1225 716 1286 PENIGULUS
746 1225 971 1286 PARASITUS

181 1425 206 1465 u
220 1409 363 1467 Iuventus
385 1425 493 1466 nomen
515 1406 586 1466 feeit
608 1406 751 1466 Peniculo
775 1405 847 1465 mihi
870 1375 873 1387 ’

220 1520 293 1579 Ideo
318 1518 389 1594 quia
411 1535 551 1593 mensam,
577 1518 697 1593 quando
721 1518 787 1593 edo,
812 1517 962 1594 detergeo.

221 1629 364 1689 Homines
388 1630 524 1706 captivos
548 1629 598 1705 qui
621 1629 734 1688 eatenis
756 1614 890 1688 uinoiunt
979 1653 982 1660 ¹

182 1751 207 1792 ⁸0
221 1741 260 1800 Et
283 1741 335 1816 qui
357 1741 493 1818 fugitivis
513 1741 607 1800 servis
629 1741 736 1800 indunt
758 1741 927 1817 oompedes,

220 1853 315 1912 Nimis
339 1853 428 1912 stulte
450 1852 564 1913 faoiunt
587 1871 652 1912 mea
676 1852 796 1927 quidem
819 1852 975 1912 sententia.

221 1965 299 2024 Nam
320 1963 433 2023 homini
455 1964 562 2024 misero
586 1965 611 2024 si
633 1965 672 2024 ad
695 1965 804 2024 malum
827 1964 944 2024 aceedit
965 1965 1084 2052 malum,

221 2076 317 2136 Maior
339 2075 442 2135 lubido
465 2079 510 2134 est
531 2075 635 2152 fugere
659 2079 689 2136 et
710 2075 810 2137 faeere
832 2075 979 2151 nequiter.

221 2189 299 2247 Nam
321 2205 353 2246 so
377 2205 414 2246 ex
437 2188 550 2248 eatenis
573 2187 705 2247 eximunt
728 2188 830 2263 aliquo
853 2187 958 2261 modo;

182 2309 207 2351 ⁸⁵
220 2299 297 2358 Tum
321 2299 489 2376 eompediti·
503 2317 593 2359 anum
614 2300 685 2360 lima
707 2301 883 2375 praeterunt

219 2411 282 2470 Aut
304 2405 583 2486 lapidoeioutiunt
606 2412 731 2470 olavom.
759 2411 866 2486 Nugae
889 2413 958 2468 sunt
980 2426 1043 2468 eae.

221 2522 315 2595 Quem
338 2525 370 2581 tn
394 2522 555 2582 adservare
578 2525 669 2598 reete,
692 2538 730 2581 ne
754 2520 897 2598 aufugiat,
921 2494 1015 2597 voles,

221 2632 300 2693 Esoa
322 2636 413 2708 atque
436 2633 558 2709 potione
580 2633 687 2694 vineiri
710 2634 811 2693 decet:

219 2745 313 2821 Apud
336 2762 468 2806 mensam
490 2746 610 2822 plenam
632 2744 744 2805 homini
766 2749 895 2804 rostrum
922 2744 1059 2821 deliges„

291 3022 321 3067 77
343 3018 449 3068 Servios
467 3021 494 3068 ia
514 3018 606 3082 Georp.
623 3022 647 3078 l,
663 3021 711 3067 337
726 3011 851 3067 ‘nomina
869 3016 943 3078 lecit,
963 3019 1117 3069 notamina:
1138 3020 1249 3070 Plautus

221 3103 249 3152 in
267 3104 434 3154 Meneehmis
451 3101 595 3155 “Iuventus
613 3103 673 3166 feeit
691 3116 782 3153 nomen
799 3104 929 3168 peniculo
948 3098 1048 3153 mihi”.'
1111 3108 1142 3154 78
1162 3105 1250 3155 Festos

218 3203 246 3252 p.
262 3193 321 3251 358,
337 3193 367 3238 33
383 3191 418 3240 Μ.
429 3183 564 3254 ‘[quando
586 3227 592 3240 .
608 3227 615 3240 .
634 3191 715 3240 acuta
733 3190 774 3239 est
791 3190 923 3254 temporis
942 3189 1111 3253 adverbium]
1126 3192 1158 3240 ut
1169 3191 1250 3241 Plau-

220 3276 265 3324 tus
284 3276 312 3324 in
331 3275 524 3339 Me[naeohmis
543 3277 594 3328 ait:
618 3272 703 3326 “ideo
723 3273 796 3339 quia]
817 3287 940 3324 mensam
959 3275 1069 3338 quando
1088 3275 1140 3326 edo
1159 3277 1250 3327 detes-

220 3355 304 3424 geo”.’
321 3363 422 3412 Marias
435 3363 532 3412 Plotius
545 3361 671 3412 Sacerdos
686 3375 715 3424 p.
728 3363 787 3421 486,
798 3365 832 3428 ,lo
848 3362 880 3411 K.
898 3353 1012 3423 ‘liesgeo
1034 3362 1061 3410 et
1078 3362 1162 3426 tergo)
1179 3359 1251 3427 “qne

220 3459 329 3497 mensas
349 3443 514 3511 detergeo”.’
595 3451 627 3497 83
645 3447 772 3510 Namque
793 3445 961 3498 Comerorius
1040 3449 1071 3496 85
1087 3446 1151 3510 [aut]
1167 3461 1251 3498 anum

221 3533 388 3593 llitsoiielius;
411 3535 497 3584 tiosos
520 3536 657 3596 impatiens
677 3534 759 3595 possit
783 3534 861 3583 etium
881 3532 951 3583 Tum
969 3532 1118 3598 compediti
1139 3532 1249 3596 [eutem]

221 3633 314 3680 anum,
333 3625 362 3678 ui
379 3620 448 3670 Trio.
464 3623 478 3667 3
498 3619 567 3670 Tum
585 3620 656 3669 hane
677 3618 787 3682 [autem]
808 3620 838 3670 de
856 3623 927 3669 certo
944 3619 1071 3682 Speapelii
1088 3621 1251 3678 coniectum

224 3705 297 3768 Gopl.
314 3708 338 3765 l,
354 3709 379 3765 3,
394 3709 426 3755 38
443 3705 512 3755 Tum
524 3706 590 3756 lanii
603 3707 708 3764 autem3
728 3704 814 3754 deind.
830 3708 879 3754 553
898 3704 967 3755 Tum
984 3705 1129 3770 opsonium
1143 3706 1248 3762 autem3
1324 3707 1328 3730 '

223 3789 283 3842 Cist.
300 3796 324 3852 l,
341 3795 366 3851 3,
381 3795 412 3840 35
433 3791 502 3841 Tum
520 3791 577 3840 illio
595 3794 686 3842 autem
705 3795 729 3841 el
747 3792 842 3841 similia
859 3791 921 3839 olibi
944 3791 1065 3853 tepenter
1152 3791 1253 3839 Nouius
1360 3791 1363 3804 '

218 3891 245 3939 p.
260 3881 318 3938 333,
331 3881 363 3926 33
377 3869 481 3928 ‘limari
497 3914 520 3927 ..
534 3877 573 3932 Pl.
587 3878 656 3928 Men.
670 3874 772 3928 “anum
785 3878 851 3927 lima
864 3870 1063 3940 praeterunt”.'
1149 3878 1181 3925 89
1196 3875 1251 3924 No·
1347 3874 1354 3884 '

219 3967 278 4013 nius
288 3977 315 4026 p.
333 3966 392 4024 455,
408 3968 438 4012 lli
448 3955 581 4014 ‘rostrum
599 3964 718 4014 hominis
736 3964 791 4015 diei
804 3960 860 4013 don
874 3961 974 4012 dehere
986 3961 1157 4012 consuetudo
1170 3973 1249 4026 prae-

220 4050 346 4114 sumpsit.
366 4051 439 4114 apud
457 4051 583 4101 Plautum
601 4052 629 4101 in
647 4049 831 4100 Menaechmis
849 4049 970 4115 positum
989 4049 1029 4098 sio
1047 4045 1138 4112 “apud
1156 4084 1184 4097 ..
1204 4047 1250 4096 iso-

219 4136 298 4185 miois
317 4139 437 4186 rostrum
455 4130 584 4200 delipis”.'
665 4136 777 4187 homoni
797 4140 821 4186 el
840 4138 870 4184 38
890 4135 1031 4193 homones,
1052 4136 1113 4185 item
1131 4136 1176 4182 337
1199 4134 1250 4183 ho-
