3102 4766
517 322 583 379 Aet.
598 338 633 378 111
651 323 696 378 Se.
711 327 726 378 3
744 324 781 378 V.
795 325 896 377 25-34

638 493 779 550 Auomnn

144 605 184 647 555
197 593 351 670 Numquid
372 612 418 654 me
440 593 508 653 visi

537 715 541 724 ·
601 703 814 756 Mnuuncnnus

486 799 570 860 Haeo
593 817 638 859 me
662 802 832 860 euraturum
855 798 945 859 dieito
967 832 1009 841 —-

197 910 238 969 Ut
260 914 402 984 quantum
424 909 539 986 possint
561 910 673 986 quique
694 910 805 970 liceant
825 913 963 969 veneant.

196 1022 299 1081 Iemne
322 1020 394 1080 abiit
415 1020 514 1081 introi
536 1021 617 1096 abiit,
641 1021 757 1097 operuit
778 1020 866 1080 fores.

197 1131 236 1190 Di
259 1149 304 1192 me
328 1132 447 1207 quidem
469 1149 570 1192 omnes
593 1132 736 1192 adiuvent
758 1134 869 1207 augent
891 1134 998 1190 amant.

197 1242 256 1302 Sed
280 1242 353 1317 quid
376 1260 430 1319 ego
453 1261 545 1319 oeteo,
569 1243 639 1303 dum
661 1244 749 1303 detur
771 1242 810 1303 mi
832 1243 948 1303 oooesio

145 1345 184 1410 teo
197 1354 398 1430 Tempusque,
423 1354 505 1414 ubire
529 1355 566 1414 ub
589 1353 635 1413 his
657 1355 730 1415 loeis
752 1353 900 1414 lenoniisi

197 1465 339 1541 Propere,
362 1465 564 1539 Menaechme,
587 1464 633 1525 fer
654 1466 771 1542 pedem,
794 1464 895 1541 profer
916 1464 1051 1542 gradum.

197 1576 322 1635 Demem
344 1593 482 1636 eoronam
505 1580 595 1651 etque
618 1576 744 1637 ubieiem
766 1576 806 1636 ed
828 1577 944 1636 laevam
966 1593 1093 1649 menum,

149 1761 151 1768 Α
197 1685 238 1746 Ut
260 1685 285 1746 ei
308 1687 374 1762 quis
397 1691 540 1763 sequetur
561 1686 619 1749 heo
641 1706 688 1747 me
704 1687 812 1747 abiisse
836 1690 985 1748 censeant.

196 1797 250 1857 Ibo
273 1801 303 1856 et
325 1798 498 1858 conveniam
520 1816 645 1874 servom,
669 1798 694 1858 ei
716 1801 830 1874 potero,
855 1816 960 1872 meum,

147 1924 185 1967 545
199 1907 240 1966 Ut
261 1907 337 1968 haee
361 1926 438 1985 queo
460 1911 540 1969 bone
562 1909 635 1970 dent
657 1908 687 1969 di
709 1909 789 1984 mihi,
814 1927 852 1969 ex
873 1927 919 1970 me
943 1909 1025 1969 seint.

198 2158 300 2211 ponere
318 2146 475 2198 Formianos
494 2149 521 2198 et
538 2147 682 2224 Fundanos
701 2149 739 2198 uit
750 2149 836 2198 Verre
858 2147 917 2211 [sed
935 2149 961 2197 et
979 2145 1034 2209 alii]
1053 2144 1157 2196 iaciunt
1173 2157 1224 2195 nee

198 2231 261 2332 sing
275 2232 414 2297 exemplo:
435 2247 499 2284 nem
517 2234 557 2284 Pl.
576 2234 603 2282 in
622 2235 692 2284 Men.
712 2235 749 2284 ite
767 2235 805 2283 eit
822 2232 893 2283 “non
911 2233 1000 2283 haheo
1016 2269 1022 2282 .
1039 2269 1045 2282 .
1062 2230 1146 2282 .duto
1166 2230 1223 2292 (du-

185 2340 241 2418 (his
260 2342 483 2407 Neapolitanus)”;
502 2345 601 2395 vitium
618 2345 709 2394 temen
728 2357 859 2394 essenon
878 2344 994 2394 dubium
1013 2337 1070 2393 est?

200 2430 247 2476 5³5
266 2429 377 2478 alterum
393 2434 483 2480 utrm
500 2443 544 2480 me
562 2431 697 2480 delendum
715 2429 797 2492 (prim
809 2431 914 2479 induxit
925 2429 1078 2490 Acidaliae),
1097 2429 1148 2477 uisi
1158 2426 1224 2489 sorte

198 2513 240 2562 ide
258 2513 326 2563 heeo
344 2517 565 2578 transponentem
667 2518 717 2564 tue
735 2515 825 2579 possit
843 2514 977 2576 Scioppius
1026 2513 1064 2575 Cf.
1087 2515 1134 2562 tos

200 2626 247 2674 555
266 2623 311 2692 md
329 2625 440 2688 quidem
459 2626 579 2677 Bettieu:
600 2639 644 2675 me
662 2625 790 2690 equidem
866 2627 913 2674 555
936 2621 1043 2675 lenonis
1058 2623 1103 2674 BG
1120 2589 1227 2673 lenodis

129 2725 137 2730 ·
199 2709 292 2774 Beorr
369 2712 412 2758 555
436 2710 705 2776 proterLoupeutes:
727 2710 821 2761 confer
891 2713 939 2760 552
960 2711 1224 2771 Nouiusp.5tt‚25

194 2787 319 2844 ‘censere
337 2797 364 2844 et
381 2795 509 2847 arbitrari
528 2798 688 2861 cognatione
708 2797 827 2861 quedem
842 2797 918 2847 socie
933 2833 954 2846 ..
968 2796 1079 2846 Pleutus
1095 2794 1224 2844 ...idem

199 2880 227 2929 in
245 2881 316 2930 Men.
335 2880 466 2932 “demum
491 2884 557 2932 hauc
581 2896 711 2934 eoronam
733 2920 784 2934 ...
804 2884 887 2932 leuem
904 2894 1016 2932 menum
1034 2882 1065 2930 ut
1087 2884 1110 2931 si
1135 2879 1165 2941 (si
1184 2892 1225 2929 om

198 2965 297 3028 Romo.)
314 2971 452 3027 sequenter
462 2980 504 3017 me
521 2969 569 3018 tac
587 2970 670 3019 abisse
688 2963 848 3020 censeant”.'
926 2967 996 3017 hene
1009 2979 1051 3016 om
1064 2966 1149 3015 Plauti
1166 2965 1225 3014 libri

267 3050 357 3100 leuem
376 3052 434 3102 iibri
452 3065 510 3101 uteru
523 3054 607 3104 Nouio
686 3056 733 3103 553
753 3049 774 3104 si
792 3067 840 3117 qni
860 3047 930 3116 (quus
942 3051 962 3102 G
970 3052 1013 3114 pr)
1034 3043 1163 3114 sequetur
1180 3049 1225 3100 BC

267 3127 316 3225 hdo
329 3175 373 3212 me
385 3163 407 3213 Β
419 3163 486 3213 haee
499 3176 542 3213 me
558 3164 578 3215 t'
658 3159 753 3215 ahnsie
765 3165 805 3214 vet
814 3159 929 3214 hahuise
943 3162 988 3214 BC
1071 3160 1110 3224 Cf.
1124 3165 1172 3211 eto
1184 3174 1222 3223 sq.
