3102 4766
299 290 338 350 10
576 325 578 328 -
634 283 700 340 Act.
715 297 727 337 1
744 282 790 340 Sc.
808 287 820 337 1
840 285 876 340 V.
893 287 994 338 14-44

258 473 284 514 44
299 463 378 521 Dum
400 465 432 521 tu
453 461 498 520 illi
522 460 603 537 quod
626 460 687 520 edit
711 464 740 520 et
764 462 845 537 quod
867 464 951 538 potet
972 445 1120 538 praebeas

299 574 359 634 Suo
383 572 528 634 arbitratu
551 550 696 633 adfatim
718 571 849 646 cottidie,
980 633 983 642 ,

298 687 469 760 Numquam
492 684 599 760 edepol
622 681 672 764 [te]
696 683 798 760 fugiet,
823 687 883 742 tam
905 683 961 743 etsi
984 683 1095 760 capital
1116 683 1235 744 lecerit:

296 797 403 858 Facile
427 795 610 870 adservabis‚
636 796 705 855 dum
728 813 763 855 eo
785 795 885 855 vinclo
908 795 1030 855 vincies.

299 909 346 970 Ita
367 908 461 967 istaec
483 907 570 966 nimis
592 909 682 966 lenta
696 907 798 967 vincla
821 910 889 966 sunt
912 907 1042 967 escaria:

267 1033 293 1074 as
306 1019 402 1092 Quam
423 1019 517 1096 magis
540 1018 693 1093 extendas,
716 1022 800 1078 tanto
823 1018 1012 1095 adstringunt
1034 1019 1135 1080 artius.

297 1135 374 1193 Nam
397 1149 453 1208 ego
476 1129 516 1189 ad
537 1129 763 1190 Menaechmum
786 1129 866 1189 hunc
889 1148 933 1204 eo,
960 1130 1101 1205 quoiam
1124 1131 1174 1191 diu

299 1244 369 1305 Sum
390 1243 549 1316 iudicatus,
572 1243 651 1302 ultro
674 1259 719 1316 eo,
743 1246 776 1301 ut
798 1259 844 1301 me
866 1241 986 1322 vinciat.

297 1358 375 1416 Nam
396 1341 569 1414 illioOEomo
591 1352 726 1413 homines
749 1370 810 1412 non
834 1351 887 1413 alit
911 1371 1015 1413 verum
1038 1352 1146 1414 educat

298 1469 502 1541 Recreatque:
527 1465 627 1524 nullus
651 1464 756 1524 melius
779 1464 957 1525 medicinam
978 1464 1059 1525 iacit.
1085 1471 1088 1480 '

248 1594 286 1636 roo
299 1561 347 1639 Ita
369 1582 414 1638 est
436 1578 630 1637 adulescens:
654 1577 737 1652 ipsus
761 1594 848 1637 escae
871 1575 1016 1636 maximae

301 1690 425 1752 Cerialis
448 1706 538 1748 cenas
562 1687 622 1763 dat,
646 1688 688 1748 ita
712 1706 843 1748 mensam
866 1687 983 1762 extruit,

299 1802 414 1862 Tantas
437 1799 567 1860 struices·
585 1801 744 1861 concinnat
766 1792 943 1875 patinarias:

221 1943 222 1949 κ
301 1913 474 1973 Standumst
495 1913 526 1971 in
549 1913 636 1986 lecto,
661 1912 687 1971 si
710 1911 783 1987 quid
806 1911 843 1970 de
866 1928 978 1970 summo
1000 1915 1095 1988 petas.
1169 1971 1171 1978 ,

300 2024 360 2084 Sed
383 2024 422 2082 mi
443 2024 633 2088 intervallum
655 2023 714 2102 iam
736 2022 791 2105 llos
815 2022 878 2082 dies
900 2023 1009 2082 multos
1030 2023 1101 2082 luit:

249 2153 286 2194 roe
300 2135 387 2196 Domi
412 2135 540 2195 domitus
563 2153 627 2195 sum
649 2151 745 2210 usque
769 2151 835 2193 cum
859 2105 954 2193 caucis
977 2134 1064 2194 meis:

299 2440 424 2486 monum,
444 2427 477 2476 ol.
496 2427 606 2476 Brittios
624 2389 735 2488 Perptto
752 2429 857 2477 auctore
939 2428 969 2474 44
989 2394 1086 2475 edite
1168 2427 1195 2473 44
1221 2425 1325 2490 [usque]
1406 2398 1416 2418 x

301 2513 336 2563 ad
354 2511 431 2563 latim
451 2511 601 2561 llttoclrettuo
619 2512 679 2560 ottus
696 2512 753 2563 coll.
775 2513 853 2561 Poea.
874 2515 898 2571 4,
915 2514 939 2570 4,
955 2513 1000 2569 44;
1020 2512 1088 2560 idem
1101 2517 1193 2574 posteo
1210 2511 1329 2563 arbitra-

300 2598 350 2647 tud
369 2597 442 2659 (Eece.
458 2598 567 2646 4444444
589 2610 617 2658 p.
634 2593 674 2662 44)
684 2603 743 2658 post
756 2598 939 2647 Buectetcrum
957 2598 987 2646 de
1005 2597 1051 2646 troc
1068 2610 1161 2660 944444
1179 2602 1248 2649 omae·
1261 2613 1330 2662 prc-

301 2685 391 2733 denter
407 2684 564 2732 tudtcootem
582 2683 612 2731 de
630 2682 692 2731 dect.
713 2682 758 2730 tat.
776 2696 804 2744 p.
820 2684 850 2730 48
953 2685 984 2748 44
1003 2681 1101 2747 edepol
1119 2682 1204 2746 lugiet
1221 2686 1329 2735 tametsi
1351 2681 1353 2685 ’

301 2787 425 2848 Pptader:
447 2785 544 2850 edepol
563 2787 589 2834 te
602 2783 686 2846 tugret
705 2797 759 2834 ram
778 2784 805 2832 et
816 2775 836 2831 sr
852 2781 872 2832 C
889 2783 986 2849 edepol
1005 2786 1031 2834 te
1050 2783 1107 2848 lugr
1118 2759 1228 2836 &⁰tram
1240 2784 1264 2838 da
1276 2783 1332 2838 er

371 2871 472 2922 Nouius
487 2883 515 2932 p.
532 2873 573 2928 48,
590 2861 743 2934 t5‘capital
758 2906 764 2918 .
779 2906 785 2918 .
799 2869 838 2919 Pl.
853 2868 924 2919 Men.
942 2865 1110 2934 “numquam
1128 2871 1211 2922 hercle
1230 2875 1332 2937 effuptct

302 2955 402 3008 44444444
415 2956 515 3021 capital
528 2950 656 3005 lecerit’'.’
742 2957 773 3002 44
786 2954 941 3005 uinculoB
1017 2957 1048 3003 44
1063 2956 1164 3006 Nouius
1179 2970 1208 3018 p.
1225 2961 1283 3018 448,
1299 2963 1330 3009 47
1398 3013 1404 3024 ,

297 3037 447 3093 ‘escarium
469 3079 474 3092 .
492 3079 498 3092 .
517 3042 556 3090 Pl.
577 3041 647 3090 Men.
671 3035 725 3090 “eo
742 3040 882 3103 collusore
904 3040 977 3090 lenta
1000 3040 1091 3090 vincla
1115 3044 1179 3091 sunt
1202 3040 1328 3094 scurtu”.'

302 3129 371 3179 Idem
391 3142 419 3190 p.
442 3131 500 3186 448,
523 3130 551 3176 44
567 3119 684 3176 ‘lentum
703 3128 793 3178 tenax.
812 3127 851 3176 Pl.
871 3126 942 3176 Men.
961 3122 1055 3176 “lenta
1077 3129 1163 3177 viceto
1185 3131 1250 3178 sunt
1272 3143 1331 3179 sca-

300 3209 375 3264 rto’'.'
461 3217 492 3262 44
504 3215 508 3228 “
519 3213 620 3264 Noctua
638 3226 667 3274 p.
684 3214 743 3273 444,
760 3215 789 3260 44
805 3204 890 3263 ‘alere
909 3213 950 3262 est
967 3212 1042 3261 victu
1060 3213 1204 3278 temporali
1222 3217 1331 3265 susten·
1376 3272 1385 3284 ἱ

301 3302 369 3358 tare,
384 3300 500 3351 educare
519 3300 610 3348 autem
629 3299 664 3348 ad
682 3299 835 3349 satietatem
851 3299 1012 3363 perpetuam
1025 3297 1153 3348 educere.
1167 3300 1207 3350 Pl.
1221 3301 1249 3352 in
1262 3302 1330 3352 Men.

301 3383 456 3436 “mamillis
475 3387 557 3435 homo
576 3384 684 3434 44444444
702 3397 757 3434 non
776 3390 822 3435 out
838 3389 895 3434 vert
914 3379 1045 3434 educat”.’
1174 3389 1218 3435 444
1242 3387 1332 3437 Festus

299 3485 327 3533 p.
343 3474 402 3530 444,
418 3474 448 3519 44
463 3464 593 3520 ‘struices
612 3471 717 3534 antiqui
736 3469 865 3520 dicebant
883 3471 1067 3520 extructiones
1086 3471 1210 3520 omnium
1228 3455 1347 3522 rerum(

302 3557 413 3606 Plautus
425 3552 544 3605 “certatis
557 3569 651 3606 coenos
664 3556 711 3606 dat
724 3556 761 3606 ita
772 3568 876 3617 4444444
889 3556 1090 3606 extruittantas
1106 3593 1112 3606 .
1129 3594 1134 3606 .
1147 3554 1328 3621 patinarias”.’

371 3638 480 3691 certalrl
496 3641 542 3692 BC
560 3636 676 3691 cerealis
691 3642 736 3691 4444
841 3644 888 3689 444
909 3640 1016 3691 Seruius
1038 3645 1066 3692 44
1084 3641 1146 3692 Aeo.
1168 3633 1255 3700 4447
1271 3636 1331 3692 ‘er-

302 3729 386 3780 struis
405 3742 420 3778 a
439 3728 550 3777 struice.
564 3726 603 3777 Pl.
625 3728 652 3776 iu
676 3727 747 3776 Men.
766 3723 872 3777 “tantas
894 3763 900 3776 .
920 3763 926 3777 .
945 3722 1127 3792 patinarias”.'
1209 3732 1256 3776 444
1277 3728 1332 3778 Do-

302 3819 380 3865 natus
391 3816 419 3864 44
432 3814 535 3863 Pteros.
548 3816 573 3871 4,
586 3815 611 3871 4,
623 3815 655 3860 44
670 3804 732 3862 ‘ubi
750 3814 781 3862 tu
799 3810 908 3862 dubites
927 3812 995 3876 quid
1013 3826 1106 3864 sumas
1118 3813 1294 3877 potissimum
1307 3852 1330 3863 ..

302 3901 413 3952 Plautus
431 3895 575 3949 “stoodum
593 3902 630 3948 444
650 3935 656 3947 .
674 3935 679 3947 .
700 3909 809 3947 summo
832 3897 947 3960 (summa
965 3900 1003 3950 ed.
1020 3900 1073 3963 pr.)
1092 3893 1207 3964 petas”.³

304 3991 352 4036 445
371 3985 457 4038 Domo
473 3985 542 4047 pro
570 4027 577 4046 ,
622 3983 751 4047 domitus]
774 3983 839 4034 dum
859 3983 987 4035 domiuus
1007 3985 1167 4044 4444444444,
1185 3987 1214 4035 44
1231 3998 1332 4034 summa

302 4085 331 4121 re
348 4085 423 4131 vero,
444 4074 495 4121 atsi
513 4072 580 4133 quod
596 4069 707 4133 fortusse
726 4070 833 4120 eaodem
850 4071 878 4120 44
895 4072 1048 4120 senteutiam
1077 4068 1155 4119 Domi
1175 4070 1331 4121 dominatus

302 4171 364 4209 sum
375 4160 488 4220 44444444
496 4157 555 4221 fuit,
570 4157 781 4219 quemadmodum
796 4155 923 4206 dominus
937 4157 1094 4216 4444444444,
1111 4155 1233 4206 dominia
1245 4161 1332 4206 uatem
