3102 4766
456 309 521 367 Aet.
536 325 548 365 1
566 311 611 368 So.
627 313 638 364 4
659 313 695 369 V.
707 314 819 367 80-83,
844 311 889 367 So.
901 314 916 364 8
929 312 965 367 V.
979 314 1062 366 1-40
1238 318 1272 377 11

243 491 321 549 Nam
343 506 443 563 neque
466 489 523 548 edo
546 507 646 564 neque
668 506 743 562 emo,
767 489 824 548 nisi
848 489 930 564 qnod
953 492 999 548 est
1021 465 1229 548 ourissnmurir:

244 601 280 660 Id
304 617 425 676 quoque
447 599 515 674 iem,
540 599 602 660 ouri
626 600 678 675 qui
699 600 886 660 instruuntur
909 601 1059 660 deserunt.

220 773 222 780 ,
244 713 333 772 Nune
356 711 395 771 044
418 729 485 771 eum
507 710 613 771 inviso.
660 711 719 772 Sed
741 712 875 787 operitur
897 711 1019 771 ostium:

245 822 471 883 Menaechmum
494 841 597 884 eooum
619 823 717 899 ipsum
739 823 843 883 video:
868 822 1059 900 progreditur
1080 822 1171 882 loros.

338 1320 616 1382 MENAEOHMUS
638 1319 915 1381 ADULESCENS.
952 1319 1177 1382 PENIOULUS

649 1440 875 1501 PARASITUS

651 1641 866 1696 440440044ου4

197 1764 234 1806 110
247 1748 286 1808 Ni
308 1749 394 1823 444040,
418 1747 449 1807 ni
472 1749 563 1808 stulte
586 1748 635 1823 sis,
659 1748 690 1808 ni
711 1748 855 1809 indomite
877 1748 1032 1824 imposque
1056 1747 1154 1821 animi,

247 1858 335 1931 Quod
357 1858 422 1919 viro
445 1852 512 1920 0440
533 1851 602 1919 odii
625 1858 744 1936 videas,
767 1862 831 1946 tute
853 1859 907 1920 libi
930 1859 998 1918 odio
1022 1858 1143 1919 habeas.

246 1969 428 2056 Praeterhao
451 1971 476 2030 si
498 1971 570 2042 milri
591 1973 652 2032 4010
673 1937 743 2048 posi
764 1970 844 2031 himo
868 1971 946 2031 diem

247 2081 349 2157 Fexis,
372 2081 441 2142 faxo
464 2059 537 2142 foris
560 2083 653 2143 vidu'e
674 2083 754 2144 vises
777 2087 901 2160 petrem.

247 2194 325 2253 Nam
348 2195 486 2269 quotiens
510 2194 591 2255 foras
613 2195 657 2256 ire
678 2198 757 2271 volo,
779 2213 825 2255 me
847 2194 967 2268 retines,
991 2211 1125 2268 4040004,
1150 2194 1275 2270 rogitas:

199 2322 236 2365 444
249 2304 315 2376 Quo
339 2323 394 2382 ego
418 2324 491 2382 eum,
517 2324 606 2381 quam
629 2303 698 2366 rem¹
713 2326 810 2385 egam,
835 2305 909 2382 quill
931 2306 1033 2384 negoti
1055 2324 1165 2383 gerum,

249 2415 327 2489 Quid
350 2421 459 2494 petam,
484 2417 556 2493 qnid
579 2417 682 2493 feram,
708 2419 780 2494 quid
802 2417 875 2478 foris
899 2418 1018 2495 egerim.

248 2528 428 2588 Portitorem
451 2529 570 2589 domum
594 2529 680 2589 duxi:
704 2529 746 2588 ite
768 2547 885 2589 omnem
907 2529 979 2588 mihi

249 2641 323 2699 Rem
345 2658 468 2700 neeesse
492 2641 593 2716 eloqui
616 2646 670 2716 044,
695 2641 839 2717 quioquid
862 2642 910 2719 egi
932 2644 1023 2717 utque
1046 2658 1112 2717 ago.

249 2751 379 2811 Nimium
391 2770 447 2830 ego
460 2755 489 2812 te
501 2752 594 2813 habui
606 2752 779 2813 delioutem:
804 2772 883 2813 nuno
893 2754 968 2813 adeo
980 2756 1013 2812 ut
1027 2752 1162 2812 fauturus
1174 2751 1280 2811 dieam.

249 2949 455 2958 -.---

252 3078 416 3140 appellentur
433 3080 549 3128 00004040
632 3073 754 3128 summus
773 3090 826 3141 que
841 3076 908 3139 prB
997 3079 1044 3124 406
1063 3071 1281 3127 40444404404044

322 3166 369 3211 407
396 3163 434 3214 440
456 3166 618 3215 distinetione
635 3176 727 3213 004404
743 3164 889 3225 incorrupti
912 3163 969 3212 0404
985 3163 1013 3211 io
1029 3175 1142 3225 prooem.
1156 3163 1208 3212 4444.
1223 3163 1279 3212 leot.

252 3253 316 3299 0044.
336 3252 400 3298 4880
417 3262 444 3311 p.
461 3253 542 3313 6400.
563 3255 587 3301 04
604 3253 699 3301 iterum
716 3249 769 3298 4444.
790 3249 846 3298 leot.
859 3248 964 3318 44400444.
987 3250 1052 3297 4888
1072 3261 1101 3310 p.
1121 3250 1185 3310 loq.

321 3338 369 3382 440
390 3334 496 3385 Sourion
511 3338 540 3385 444
558 3335 621 3385 Aeo.
640 3338 664 3395 8,
680 3337 728 3382 080
743 3326 862 3397 ‘antiqui
882 3335 910 3383 ni
928 3346 979 3398 pro
1002 3346 1036 3383 ne
1054 3332 1203 3398 ponebant,
1229 3347 1283 3396 qua

251 3421 386 3485 particula
407 3421 504 3486 plenus
526 3423 567 3470 044
582 3420 692 3471 Plautus
711 3416 760 3469 “ni
781 3420 854 3470 40040
874 3419 902 3468 ni
920 3419 1003 3469 stulta
1021 3413 1096 3469 444”.’
1119 3419 1238 3468 4404404444
1256 3422 1283 3468 io

253 3507 370 3558 14044004.
391 3510 415 3566 8,
436 3509 461 3566 8,
476 3509 508 3554 80
530 3499 650 3556 ‘veteres
668 3507 697 3556 ni
719 3519 769 3571 pro
788 3519 822 3555 ne
838 3503 979 3570 ponebant
999 3542 1028 3555 ..
1047 3507 1079 3554 nt
1102 3504 1213 3554 Plautus
1231 3500 1282 3552 “nl

252 3594 337 3644 stulta
360 3588 418 3642 444”
440 3605 490 3658 pro
508 3586 556 3642 ne?
652 3592 706 3642 sies
724 3592 839 3642 80444404.
862 3590 901 3654 Cf.
917 3593 966 3639 750
1054 3592 1102 3638 448
1121 3589 1194 3639 vises
1208 3589 1284 3638 4400-

251 3681 336 3742 040404
357 3679 450 3740 opusc.
465 3679 510 3728 044.
522 3691 551 3740 p.
568 3681 599 3727 78
678 3678 726 3725 444
748 3675 815 3741 [ego]
837 3678 877 3726 ire
896 3677 1062 3736 siricorum,-
1080 3675 1192 3738 40440444
1209 3673 1283 3725 40404

253 3765 335 3823 exire,
359 3763 392 3826 04.
408 3765 466 3814 458.
479 3767 540 3824 800,
560 3764 615 3815 Mil.
635 3765 702 3827 plor.
719 3766 766 3812 587
786 3762 821 3813 ed
839 3765 866 3812 40
884 3761 965 3812 exibo
984 3761 1057 3812 40404
1154 3764 1202 3810 440
1221 3774 1285 3824 ege-

253 3863 305 3900 rim
324 3850 418 3900 004414
436 3850 549 3912 legerim
564 3862 600 3912 pr
612 3849 643 3909 13,
661 3849 681 3899 0
753 3849 881 3910 Hooptior
896 3849 959 3910 opp.
975 3851 1000 3908 8,
1016 3851 1064 3898 540
1084 3847 1157 3899 40404
1176 3860 1283 3910 egerem

324 3939 371 3984 448
395 3929 502 3984 neeesse
526 3936 602 3999 loqur
624 3933 663 3985 044
681 3933 726 3985 BG
843 3934 944 3985 Nonius
964 3945 992 3995 p.
1012 3935 1055 3994 84,
1079 3938 1111 3984 85
1124 3926 1285 3998 ‘portitores

253 4021 383 4071 dicuntur
405 4021 548 4071 telonearii
570 4022 618 4084 qui
636 4022 747 4085 portum
766 4020 925 4070 obsidentes
943 4019 1037 4070 omnin
1062 4019 1236 4068 sciscitentur
1260 4021 1286 4067 04

253 4119 286 4156 ex
304 4120 337 4156 eo
354 4107 471 4170 vectigal
490 4107 627 4172 accipiant
648 4143 701 4157 ...
720 4106 759 4156 Pl.
779 4107 850 4156 Men.
868 4102 1047 4171 “portitorem
1067 4104 1180 4154 domum
1203 4105 1283 4154 duxi:

253 4194 290 4242 440
307 4193 370 4243 milii
385 4207 487 4244 44404444
505 4197 543 4244 044
565 4193 647 4254 eloqui
669 4193 802 4256 quioquid
821 4192 863 4255 egi
882 4193 964 4255 etque
983 4185 1067 4253 ngo”.'
