3102 4766
303 309 321 370 6
749 313 887 384 Prologus

253 489 289 546 a'o
303 499 372 558 Non
394 496 560 556 internosse
582 493 686 569 posset
709 507 787 565 quae
809 509 965 552 mammam
988 492 1087 568 dabat,

220 649 222 652 -
301 611 408 684 Neque
431 606 507 666 adeo
530 605 625 662 mater
646 602 713 678 ipsa
735 620 813 679 quae
835 603 905 662 illos
926 609 1095 680 pepererat,

301 721 342 780 Ut
365 719 485 795 quidem
506 706 558 774 illo
582 714 656 774 dixit
678 713 759 789 mihi,
784 714 835 790 qui
857 733 967 791 pueros
989 717 1121 777 viderat:

302 832 367 909 Ego
389 831 458 890 illos
480 847 541 889 non
563 827 635 901 vidi,
659 844 697 885 ne
721 826 788 901 quis
804 809 943 887 ‘vostrum
966 833 1096 889 eensoat.

301 944 466 1018 Postquam
487 941 546 1001 iam
569 939 656 1016 pueri
679 941 858 1014 septuennes
881 943 958 1014 sunt,
981 928 1069 1016 pater

262 1060 287 1102 ²⁵
302 1053 446 1115 Oneravit
467 1071 575 1113 navem
597 1068 735 1128 magnam
757 1051 857 1111 multis
879 1051 1055 1127 meroibus;'

299 1165 421 1242 Inponit
443 1164 593 1242 geminum
615 1134 742 1222 alterum
763 1161 794 1222 in
816 1181 923 1222 navem
944 1167 1040 1239 pater,

299 1279 464 1338 Tarentum
486 1275 587 1336 avexit
609 1291 710 1334 seeum
733 1273 772 1334 ad
794 1278 956 1334 mereatum
979 1275 1074 1352 simul,

300 1391 389 1449 Illum
411 1387 534 1463 reliquit
556 1387 683 1447 alterum
705 1385 787 1461 apud
809 1381 933 1446 matrem
955 1387 1043 1447 domi.

157 1559 160 1570 ,
263 1547 267 1580 ,
299 1500 424 1561 Tarenti
446 1499 528 1560 ludei
550 1498 627 1558 sorte
651 1501 745 1572 erant,
769 1515 836 1558 oum
858 1497 930 1560 illuo
952 1499 1042 1558 venit.

261 1620 286 1661 ³⁰
300 1612 442 1672 Mortales
465 1611 560 1686 multi,
583 1614 617 1670 ut
639 1610 679 1670 ad
701 1608 798 1685 ludos,
823 1615 1041 1671 convenerant:

298 1725 378 1785 Puer
399 1724 478 1784 inter
499 1719 634 1782 homines
657 1722 810 1782 aberravit
831 1740 850 1781 a
871 1725 967 1797 patre.

300 1834 541 1912 Epidamniensis
565 1834 688 1911 quidam
709 1833 751 1893 ibi
773 1837 921 1893 mereator
942 1833 1010 1894 fuit:

298 1949 328 2008 Is
349 1965 476 2024 puerum
497 1947 576 2007 tollit
598 1945 759 2022 avehitque
782 1937 1002 2022 Epidamnium.

297 2060 388 2118 Pater
410 2059 474 2118 eius
497 2062 597 2118 autem
618 2060 779 2133 postquam
800 2059 925 2132 puerum
947 2058 1087 2134 perdidit,

258 2176 284 2217 3⁵
298 2169 439 2232 Animum
462 2169 631 2246 despondit
645 2185 741 2243 eaque
764 2167 789 2228 is
812 2169 999 2246 aegritudine

297 2281 406 2342 Pauois
429 2281 533 2342 diebus
556 2284 625 2357 post
646 2280 771 2341 Tarenti
785 2284 966 2341 emortuust.

297 2393 461 2468 Postquam
484 2393 649 2470 Syracusas
674 2393 711 2452 de
734 2410 772 2453 ea
792 2411 825 2452 re
848 2393 936 2453 rediit
957 2393 1078 2454 nuntius

134 2509 139 2524 '
174 2555 177 2568 s
206 2496 210 2502 ’
296 2504 348 2564 Ad
371 2509 458 2565 avom
480 2522 652 2581 puerorum,
675 2522 801 2580 puerum
824 2509 995 2582 surruptum
1018 2508 1153 2582 alterum,

295 2618 476 2693 Patremque
498 2616 585 2693 pueri
606 2615 731 2675 Tarenti
753 2634 818 2675 esse
841 2621 1013 2696 emortuom,

257 2731 283 2772 ⁴⁰
296 2729 436 2789 Immntat
457 2746 565 2788 nomen
588 2709 662 2787 av'os
684 2726 753 2787 huie
775 2727 893 2804 gemino
916 2729 1017 2788 alteri:

113 2829 162 2897 κ’.
209 2867 245 2921 τ’,
296 2840 343 2899 Ita
364 2839 449 2899 illum
472 2839 576 2900 dilexit
599 2839 651 2914 qui
673 2840 849 2915 subruptust
872 2840 1013 2899 alterum:

150 2962 168 2974 ·*
195 2958 202 2986 ³
295 2951 380 3010 nnus
402 2931 608 3012 nomentum
629 2951 674 3010 mr
697 2951 749 3027 qur
772 2950 851 3010 domi
874 2954 928 3026 est,

296 3061 501 3138 Menaeohmo‚
524 3063 604 3123 idem
627 3062 709 3138 quod
732 3062 818 3122 alteri
840 3080 949 3122 nomen
970 3061 1041 3123 fuit:

295 3174 335 3232 Et
358 3174 442 3250 ipsus
466 3175 571 3235 eodem
594 3178 639 3234 est
661 3191 735 3235 avus
757 3178 882 3235 vooatus
904 3175 1031 3236 nomine.
1115 3155 1117 3158 ⁵

255 3290 282 3332 ⁴⁵
295 3286 461 3361 Propterea
482 3286 562 3348 illius
584 3305 691 3348 nomen
714 3286 833 3346 memini
855 3285 982 3361 facilius,

295 3475 501 3484 ..ῃ-ῥ-

295 3593 350 3644 dici
367 3595 474 3644 volunt.
503 3594 613 3645 Plautus
632 3594 798 3644 Meneehmis
816 3591 871 3645 “ita
889 3593 976 3645 forme
994 3594 1078 3645 simili
1096 3610 1114 3661 p
1134 3599 1173 3648 eri
1191 3603 1220 3647 ut
1238 3599 1324 3648 mater

296 3717 302 3730 .
320 3717 325 3730 .
343 3717 348 3730 .
363 3675 538 3745 pepererat”.'
562 3681 669 3744 ldemp.
681 3683 740 3740 423,
756 3684 783 3729 24
796 3673 897 3732 ‘mater
915 3681 1063 3744 aliquando
1081 3696 1099 3747 p
1116 3695 1131 3732 o
1150 3685 1257 3734 nutrice
1271 3695 1323 3748 po-

294 3767 386 3816 nitur,
400 3805 406 3818 .
418 3767 457 3816 Pl.
477 3767 548 3816 Men.
561 3763 616 3818 “ito
635 3765 723 3816 forme
741 3767 825 3816 simili
843 3767 921 3831 pueri
939 3773 968 3817 at
986 3769 1073 3818 mater
1088 3763 1320 3833 ...pepererat”.²

363 3855 394 3901 25
419 3851 553 3902 naurmC
626 3855 654 3900 34
679 3850 736 3915 [ihi]
757 3851 896 3902 aberravit
915 3853 1065 3904 llitsotalias
1136 3857 1166 3902 33
1193 3853 1323 3918 Epidam-

294 3951 360 3988 num
379 3950 442 3988 eum
462 3936 604 4002 Seyffertas
623 3937 713 3986 Philol.
734 3941 777 3998 st,
793 3940 837 3987 444
936 3941 967 3987 35
992 3951 1078 4002 eaque
1097 3940 1120 3988 is
1142 3938 1321 3991 Camerarius:

295 4037 327 4074 ee
346 4018 408 4088 qurs
475 4025 506 4072 44
525 4024 633 4086 gemino
652 4036 752 4073 nomen
771 4037 837 4074 avos
856 4025 1087 4082 huiella'tsctallas
1159 4026 1200 4074 ts.
1216 4026 1246 4072 ts
1265 4025 1325 4075 Vide

294 4122 360 4170 quoe
378 4111 408 4159 de
422 4111 461 4159 lis
472 4109 589 4160 versitas
608 4114 635 4160 ot
652 4111 682 4160 de
699 4112 777 4160 tollas
790 4111 892 4174 proloqu·
907 4113 1008 4161 rollone
1019 4113 1112 4173 scripsi
1123 4112 1151 4160 ta
1163 4123 1230 4160 mas.
1246 4111 1324 4161 Rhea.

295 4196 360 4243 ⁴872
377 4209 404 4257 p.
421 4198 469 4244 443
560 4198 591 4245 te
607 4197 708 4246 Nonius
724 4209 750 4259 p.
768 4198 827 4256 tos,
843 4200 874 4246 3⁰
884 4187 1071 4248 ‘accusativus
1084 4210 1134 4263 pro
1147 4196 1266 4260 genitivo
1281 4235 1286 4248 .
1299 4234 1323 4249 ..
