3102 4766
534 317 599 374 Aet.
614 333 647 375 iv
664 318 709 375 So.
724 323 739 372 2
758 321 794 376 V.
809 324 910 374 50-58

668 491 790 546 Munnrn

165 581 226 669 oosss
240 588 287 647 Ne
309 604 364 664 ege
386 591 502 647 ecastor
524 588 629 649 mulier
650 590 767 650 misera.

623 697 837 752 Mnannonnus

709 795 767 868 Qui
789 800 821 856 tu
843 796 951 857 misera
973 814 1014 872 es,
1038 797 1077 856 mi
1100 799 1216 876 expedi.
1232 794 1242 881 ss

636 903 811 958 anonnus

215 997 299 1058 Nihil
320 998 376 1059 heo
398 998 602 1074 eoniidentius,
627 1000 678 1075 qui
701 1018 779 1075 quae
801 1000 885 1062 vides
908 1020 944 1062 ea
965 1008 1118 1080 pernegat.

619 1106 833 1162 Mnrnncnnus

214 1205 272 1264 Per
294 1205 395 1264 Iovem
418 1204 548 1280 deosque
570 1204 663 1264 omnis
686 1205 800 1282 adiuro,
823 1224 907 1283 uxor,
930 1207 1007 1268 satin
1028 1207 1086 1268 hoe
1109 1208 1237 1286 esttibi,

161 1326 201 1369 eoe
213 1316 261 1375 Me
283 1315 333 1374 isti
354 1333 413 1375 non
434 1319 564 1377 nutasse.

640 1423 808 1476 Maroneus

572 1520 673 1581 Credit
693 1522 753 1581 iam
774 1521 829 1582 tibi
851 1522 889 1582 de
910 1523 990 1582 istis:
1014 1523 1086 1584 illue
1108 1524 1182 1585 redi.

616 1629 830 1684 Mnuanennus

213 1716 278 1790 Quo
301 1735 355 1794 ego
378 1715 521 1777 redeami

637 1826 814 1880 Pnurennus

400 1921 548 1999 Equidem
563 1922 602 1983 ad
617 1921 813 2000 phrygionem
828 1941 943 1984 oensee.
968 1925 1004 2000 ei,
1021 1927 1132 2001 pallam
1146 1926 1234 1986 refer.

613 2031 829 2085 Mnnrnonrrus

159 2139 197 2180 ero
211 2126 294 2200 Quae
316 2128 408 2188 istaee
430 2128 513 2204 palla
535 2127 602 2188 esti

168 2233 170 2238 ⁴
635 2234 805 2288 anounus

452 2332 552 2393 Taoeo
566 2332 626 2392 iam
642 2333 761 2408 quande
776 2333 825 2394 hie
840 2351 903 2394 rem
921 2352 980 2393 non
994 2332 1125 2394 meminit
1140 2350 1231 2393 suam.

646 2461 665 2497 ἦ
708 2461 727 2497 a}
770 2461 789 2497 444

620 2559 826 2612 Mammenses

207 2659 287 2718 Num
310 2657 375 2734 quis
398 2674 549 2717 servorum
572 2656 722 2734 deliquit?
742 2676 814 2718 num
837 2658 964 2719 ansillae
987 2662 1038 2718 aut
1061 2657 1157 2718 servei
1178 2657 1233 2718 tibi

207 2767 416 2845 Responsanti
439 2770 591 2845 eloquere:
615 2769 727 2848 inpune
750 2787 809 2830 uon
831 2769 895 2829 erit.

289 2867 291 2879 '
662 2876 785 2931 Munrnn

891 2968 995 3042 Nugas
1017 2965 1097 3041 agis.

609 3074 824 3128 Mnunncnnns

154 3180 191 3222 ⁶1³
204 3164 214 3253 ΙΙ
224 3169 332 3231 'Pristis
343 3170 501 3230 admodum
511 3174 566 3230 est:
579 3189 639 3231 non
650 3171 722 3232 mihi
733 3172 810 3232 istue
822 3171 894 3232 satis
905 3173 1005 3248 placet
1013 3168 1127 3250 [Nugas
1136 3165 1231 3251 agisis!

291 3430 339 3475 665
358 3427 459 3476 misera
477 3426 515 3490 es]
535 3383 657 3477 mrterfes
673 3428 695 3476 B
710 3441 778 3486 cerr,
804 3421 916 3476 miseras
927 3424 1038 3487 spec
1158 3426 1229 3486 Quid

204 3514 235 3563 tu
259 3514 368 3564 artatas
531 3515 579 3561 666
598 3526 645 3576 qur
664 3526 717 3588 qup
735 3512 838 3571 Bcorr,
865 3523 986 3576 qumque
1005 3511 1027 3561 B
1039 3510 1121 3574 pr,O

205 3601 252 3648 646
272 3600 314 3648 Me
332 3598 378 3648 isti
396 3610 451 3648 nou
470 3599 594 3660 Pplodes:
615 3598 667 3647 Mer
688 3591 706 3645 ir
724 3610 779 3646 non
798 3598 820 3647 Β
838 3598 890 3647 Mer
909 3592 995 3647 sunon
1017 3596 1036 3647 G
1122 3596 1156 3646 de
1174 3597 1227 3645 isto

205 3685 309 3734 Bothtas
410 3683 521 3746 sortasse
545 3684 579 3734 de
602 3683 663 3732 istis
686 3681 737 3733 tibi
842 3686 890 3734 666
915 3695 964 3746 ego
983 3682 1094 3733 redeam
1118 3683 1226 3742 Bcorr,

203 3770 346 3832 egredeam
366 3769 441 3832 Bpr,
465 3768 484 3819 C
585 3768 619 3832 ei]
640 3768 649 3816 i
670 3767 812 3818 Gruterus:
840 3769 867 3817 et
970 3770 1018 3816 6444
1037 3768 1082 3818 hic
1104 3768 1228 3819 Gamera-

201 3857 273 3904 rr'as:
293 3855 344 3905 heo
363 3855 410 3906 Bc
500 3855 623 3903 meminit
641 3854 744 3914 Beorr,
764 3866 876 3904 memrm
895 3853 916 3902 B
926 3867 970 3916 pr,
994 3852 1014 3904 0
1103 3855 1146 3900 644
1170 3846 1227 3901 ser-

201 3977 247 4024 vet
267 3975 287 4025 C
303 3921 390 4040 46413ἒῖ
407 3976 429 4026 B
446 3975 518 4024 servi
533 3973 660 4024 Gruterus
748 3977 796 4022 644
814 3973 1002 4039 desponsant?
1026 3973 1154 4035 eloquere
1175 3970 1227 4021 Ga·

201 4097 345 4145 marias:
365 4089 484 4160 Respons
499 4096 561 4144 ante
576 4093 688 4158 loquare
704 4089 876 4158 CResponde
890 4058 951 4158 ints}
964 4092 1077 4155 loquere
1090 4092 1111 4141 B

202 4183 250 4230 643
264 4181 357 4244 Nugas
375 4182 432 4244 agis
449 4182 553 4231 indaoeit
566 4180 728 4239 retroneum,
749 4193 783 4230 eea
797 4181 927 4241 prostans
945 4191 1002 4228 earn
1013 4179 1059 4228 hee
1070 4191 1149 4228 644444
1164 4190 1226 4228 eoa-

980 4280 1021 4330 μ
