3056 4768
534 335 542 348 ,
640 288 708 346 Act.
720 307 739 345 v
757 289 830 346 Sci
848 293 883 348 V.
897 293 1012 346 98-111

751 464 903 520 Mannoun

630 561 735 638 Fugio.
761 564 875 639 amabo,
899 563 1027 624 adserva
1047 563 1154 640 istunc,
1178 565 1218 624 mi
1242 571 1339 643 pater,

261 689 297 731 an
312 670 359 728 Ne
375 687 434 745 quo
450 669 519 731 hinc
535 673 632 733 abeat.
656 673 765 734 Sumne
788 691 844 750 ego
867 675 971 735 mulier
986 676 1103 751 misera,
1128 695 1206 752 quae
1221 677 1309 738 illaec

1039 787 1148 849 audini

725 893 932 947 Mnnmenuns

313 1007 403 1066 Haud
425 1010 501 1068 mule
522 1008 614 1068 illanc
636 1029 656 1069 n
677 1027 725 1068 nne
748 1010 852 1070 amovi.
876 1028 956 1070 nunc
976 1009 1056 1071 hune
1079 1009 1298 1087 inpurissimum

313 1119 476 1179 Barbatum
497 1121 655 1180 tremulum
676 1121 825 1196 Titonnm,
850 1123 902 1196 qui
924 1123 1003 1182 cluet
1026 1113 1129 1198 Cygno
1151 1125 1247 1197 putre,

313 1231 361 1290 lta
375 1230 446 1290 mihi
460 1231 598 1309 imperas,
611 1236 644 1292 ut
656 1250 710 1310 ego
722 1231 809 1292 huius
825 1233 957 1293 membra
968 1236 1059 1308 atquc
1071 1250 1140 1293 ossa
1151 1238 1242 1308 atque
1254 1238 1340 1294 arma

262 1358 302 1401 an
317 1342 517 1404 comminuam
538 1343 589 1405 illo
612 1344 752 1420 scipione,
778 1362 866 1420 quem
886 1344 952 1419 ipse
974 1343 1074 1405 hahet.

779 1467 880 1523 Sunnx

1071 1567 1199 1628 Dabitur
1221 1569 1339 1643 malum,

314 1678 363 1737 Me
386 1677 505 1752 quidem
528 1677 553 1738 si
574 1678 708 1756 attigeris
730 1683 781 1738 aut
804 1678 829 1738 si
851 1679 973 1755 propius
996 1678 1036 1738 nd
1057 1696 1103 1738 mc
1128 1680 1296 1740 accesseris.

722 1785 937 1840 Munnuonnus

264 1896 300 1937 847
315 1883 437 1943 Faciam
460 1883 541 1960 quod
562 1884 661 1945 iubes:
687 1883 814 1944 securim
837 1884 953 1960 capiam
976 1884 1134 1961 ancipitem
1157 1889 1247 1962 atque
1263 1885 1341 1945 hunc

1043 2014 1144 2057 senem

317 2105 391 2167 Osse
413 2106 464 2167 fini
487 2107 633 2168 dedolabo
657 2107 810 2167 assulatim
832 2107 958 2167 viscera.

660 2269 663 2276 ,
780 2213 882 2270 Snunx

316 2313 475 2374 Enimvero
489 2312 565 2373 illud
579 2313 820 2389 praecavendum
836 2315 987 2387 astatque
1003 2312 1236 2373 adcurandumst
1257 2312 1342 2372 mihi:

265 2437 303 2478 8⁵0
317 2424 395 2485 Sane
417 2442 472 2501 ego
495 2424 578 2485 illum
593 2429 692 2485 metuo
715 2429 748 2484 ut
770 2425 899 2484 minatur
920 2424 1048 2500 nequid
1069 2426 1146 2484 mule
1167 2424 1242 2484 faxit
1262 2423 1343 2483 mihi.

725 2533 939 2588 Munnnonnus

317 2631 412 2690 Multa
433 2629 472 2688 mi
493 2630 631 2707 imperas,
654 2631 780 2708 Apollo:
805 2648 884 2690 nunc
908 2647 1000 2704 equos
1021 2630 1139 2690 iunctos
1159 2630 1245 2691 iubes

318 2741 433 2818 Capera
456 2759 501 2801 me
523 2741 680 2803 indomitos
701 2742 809 2802 ferocis
831 2745 922 2815 atque
943 2741 975 2801 in
998 2759 1117 2801 currum
1138 2741 1320 2817 inscendere,

318 2853 358 2913 Ut
380 2870 435 2930 ego
458 2852 537 2913 hunc
559 2858 710 2929 proteram
732 2854 849 2913 leonem
863 2855 995 2914 vetulum
1018 2853 1147 2913 olentem
1163 2854 1344 2914 edentulum.

316 3034 522 3041 ——.——.

387 3146 431 3193 844
455 3140 684 3208 summeBpr‚C
793 3144 1032 3205 illahechr,C
1134 3141 1347 3205 nueeoapnc

387 3232 435 3279 848
455 3243 527 3279 nme
540 3231 638 3280 addidit
650 3232 756 3280 licinius
841 3232 889 3279 843
903 3229 1049 3279 Tithonum
1063 3229 1208 3280 Meuraiua:
1230 3232 1345 3280 titanum

387 3316 538 3367 Priscianus
552 3320 576 3376 6,
588 3320 681 3379 nmio,
694 3320 723 3365 l5
738 3317 768 3366 li.
783 3309 841 3365 ‘hic
860 3315 973 3365 Titanus
986 3316 1067 3365 huius
1080 3314 1176 3365 Titani.
1190 3316 1226 3365 Pl.
1240 3317 1267 3365 in
1277 3315 1346 3364 Men.

318 3401 486 3454 “barbatum
504 3403 652 3453 tremulum
670 3402 789 3453 Titanum
806 3404 849 3464 qui
862 3400 1031 3464 lucetcnqno
1051 3401 1106 3464 (qui
1120 3413 1208 3463 cygno
1223 3401 1295 3450 lucet
1305 3399 1347 3448 oei

318 3502 405 3553 cygno
416 3489 463 3552 qui
476 3489 548 3538 lucet
560 3490 630 3538 codd.
641 3490 711 3550 aliq.)
722 3482 830 3553 patre’‘.'
897 3499 984 3550 cycno
996 3487 1159 3549 prognatum
1171 3483 1307 3550 putredo,
1317 3489 1348 3534 nt

318 3552 428 3625 Mose'ho
437 3576 600 3639 prognatum
610 3577 687 3639 patre
696 3573 956 3632 o.idl.ldeo;Davo
966 3572 1129 3636 prognatum
1138 3570 1346 3634 patrcnlmpiilr.

319 3665 442 3712 864668.
456 3661 639 3710 lloePrisciano
651 3661 742 3724 Cygno
753 3661 800 3724 qui
814 3660 887 3710 cluet
898 3672 924 3723 p.
933 3659 1088 3717 Palmariua,
1101 3658 1149 3721 qui
1163 3655 1346 3706 cluctCucino

317 3749 394 3812 patre
407 3747 557 3796 ditacnclius
570 3747 662 3795 Plauto
673 3746 842 3796 reddiderunt
923 3746 970 3793 844
984 3745 1135 3794 Priscianus
1148 3746 1172 3805 6,
1184 3755 1211 3804 p.
1219 3745 1279 3801 868,
1291 3744 1305 3790 6
1315 3740 1347 3788 li.

313 3826 371 3883 ‘hic
390 3834 465 3883 artus
483 3833 536 3881 hoc
554 3834 623 3882 artu.
641 3833 677 3881 Pl.
692 3833 719 3880 in
729 3832 798 3882 Men.
810 3830 870 3881 “itu
883 3868 888 3880 .
902 3868 908 3879 .
922 3867 929 3880 .
942 3831 1019 3880 artua
1038 3822 1259 3879 Comminuam”.'

318 3921 366 3967 847
388 3914 474 3967 secun
489 3915 533 3966 BC
635 3917 708 3966 hunc
719 3917 731 3981 ΙΙ
743 3912 899 3968 Senemolie
913 3917 934 3965 B
1046 3917 1094 3964 848
1110 3915 1210 3964 Nonius
1220 3927 1247 3976 p.
1258 3916 1300 3972 78,
1314 3915 1341 3960 84

313 3997 478 4063 ‘assulatim
498 4004 528 4053 ut
541 4003 696 4052 minutatim
709 4040 716 4054 .
729 4039 736 4054 .
750 4039 757 4053 .
769 4002 806 4052 Pl.
819 4001 888 4051 Men.
901 3999 972 4051 “nisi
985 4001 1121 4052 dedolabo
1135 4000 1278 4051 assulatim
1290 3999 1347 4048 vis-

318 4082 411 4140 cera”.’
452 4089 552 4138 Nonius
570 4087 618 4137 fini
635 4089 715 4139 noluit
811 4089 859 4137 848
880 4082 1074 4138 adcuridumli
1087 4085 1132 4137 BC
1230 4087 1347 4135 868418-

318 4175 406 4224 tulum
422 4173 577 4224 Gulieimua:
598 4175 702 4224 etulum
720 4175 760 4224 oei
774 4172 797 4223 84
809 4173 886 4223 ulum
991 4173 1149 4223 edentulum
1164 4173 1241 4221 Pius:
1262 4170 1347 4220 eden-
