3102 4766
562 311 665 368 Actu
684 311 729 368 So.
745 315 760 364 3
779 313 813 368 V.
829 315 913 366 3—18

169 501 209 542 eso
223 487 351 547 Sternite
375 489 478 556 leutos,
503 488 653 548 intendito
676 489 794 548 odores.

223 598 372 659 Munditia
392 600 545 659 inlecebra
567 601 696 660 animost
718 601 894 660 amantium:

223 711 346 771 Amauti
368 711 532 771 amoenitas
555 712 672 786 malost,
695 712 781 771 nobis
804 713 926 771 luorost.

224 821 284 880 Sed
306 822 357 881 ubi
379 823 430 882 ille
453 826 507 895 est,
533 841 621 898 quem
644 841 759 899 ooquus
781 827 850 883 ante
873 823 956 882 aedis
980 840 1044 882 esse
1067 821 1131 882 ait?
1167 826 1258 898 atque

948 952 1050 994 eooum
1072 934 1170 1008 video,

224 1044 282 1116 Qui
305 1044 376 1103 mihi
400 1049 444 1105 est
466 1046 534 1105 usui
557 1050 586 1106 at
608 1047 767 1122 plurimum
789 1045 922 1121 prodest.

172 1166 210 1206 ³⁵⁵
224 1157 298 1215 Item
321 1155 391 1216 hino
414 1158 493 1216 ultro
516 1156 548 1216 fit
571 1160 603 1216 ut
625 1161 718 1217 meret
732 1158 914 1232 potissumus
929 1162 1048 1218 nostrae
1065 1158 1144 1217 domi
1162 1161 1195 1216 ut
1210 1158 1257 1216 sit.

223 1268 310 1327 Nune
334 1286 401 1327 eum
424 1268 523 1340 adibo,
548 1269 695 1344 adloquar
719 1270 807 1328 ultro.
1250 1259 1255 1264 ’

223 1379 364 1439 Animula
387 1379 453 1454 moi,
478 1379 549 1439 mihi
572 1380 646 1440 mira
668 1380 807 1439 videntur

224 1490 268 1548 Te
290 1488 340 1550 hio
363 1494 442 1549 stare
465 1491 547 1564 foris,
572 1492 652 1551 fores
676 1491 747 1567 quoi
769 1495 900 1567 pateant,

224 1602 319 1677 Magis
344 1619 433 1676 quam
457 1602 562 1662 domus
584 1607 645 1678 tua,
670 1603 774 1662 domus
799 1619 888 1678 quom
910 1601 985 1662 haoo
1007 1607 1060 1663 tua
1083 1603 1129 1662 sit.

174 1725 212 1766 ato
227 1710 321 1772 Omne
344 1717 526 1789 paratumst,
557 1719 589 1773 ut
614 1714 726 1774 iussisti
749 1718 839 1790 atque
862 1717 895 1772 ut
916 1714 1053 1789 voluisti,
1084 1732 1183 1789 nequo
1205 1715 1261 1773 tibi

226 1827 253 1882 st
275 1824 339 1883 ulla
361 1842 445 1883 mora
466 1825 555 1885 intus.

226 1934 390 1994 Prandium
412 1939 445 1994 ut
467 1936 578 1996 iussisti
600 1936 649 1996 hio
672 1941 851 1997 ouratumst:
877 1937 928 1997 ubi
944 1938 1035 2011 lubet,
1059 1937 1102 1996 ire
1121 1937 1192 1996 lieet
1207 1955 1260 1996 ao-

953 2049 1093 2110 cubitum.

630 2173 846 2227 Meurueuuus

176 2302 213 2343 eoa
228 2286 353 2359 Quieum
376 2286 451 2347 haee
475 2289 580 2348 mulier
602 2287 758 2363 loquitur?

675 2447 819 2500 Eeorrou

684 2562 834 2638 Equidem
856 2568 963 2624 teoum.

299 2874 348 2919 356
368 2870 440 2920 malo
453 2870 472 2918 fr
487 2871 508 2920 Β
521 2868 620 2921 melosr
636 2872 655 2923 0
673 2872 745 2922 malo
759 2875 800 2921 est
815 2872 981 2922 Camerarius
1059 2876 1107 2923 353
1128 2867 1211 2943 ςιιιΐιο
1225 2876 1264 2923 art

230 2976 256 3030 se
273 2979 292 3031 C
310 2938 437 3032 neddere
456 2983 495 3030 art
512 2997 546 3029 s*
565 2983 586 3031 Β
677 2985 725 3032 est
744 2981 854 3047 propert
869 2983 888 3033 C
905 2940 1050 3048 propestB
1138 2987 1186 3032 355
1207 2985 1262 3033 Νο-

230 3070 289 3117 otas
304 3080 332 3128 p.
349 3069 408 3127 468,
424 3070 454 3116 rt
467 3060 567 3116 ‘meret
578 3070 778 3132 promeretur.
793 3069 832 3118 Pl.
848 3069 874 3117 in
888 3052 1055 3119 Mon.'“item
1068 3070 1108 3118 tte
1120 3069 1193 3118 ultro
1209 3070 1262 3131 (in-

231 3154 318 3203 cultro
335 3153 541 3216 Bourterpeortr}
560 3152 638 3203 utut
657 3156 743 3202 meret
758 3156 908 3215 potissimas
926 3157 1036 3203 nostrae
1056 3155 1123 3204 dorm
1141 3159 1170 3205 ut
1188 3150 1259 3206 stt”.’

298 3233 456 3303 potissumus
474 3237 494 3288 C
510 3233 690 3301 potrssumum
710 3239 731 3288 Β
824 3241 855 3288 ut
873 3239 908 3288 sit
928 3238 1002 3289 domi
1022 3240 1173 3290 Rttrotetr'us

231 3328 278 3373 353
293 3325 386 3388 quom]
402 3338 484 3389 quem
499 3324 544 3374 BC
562 3337 625 3374 oum
639 3326 699 3374 otim
711 3338 771 3374 corr
843 3328 891 3373 366
906 3319 1093 3388 parasitustut
1106 3320 1205 3375 ruisrstr
1218 3326 1264 3378 BG
1318 3383 1320 3388 ,

229 3406 350 3476 paratust
361 3414 392 3461 ut
405 3406 499 3461 rusirstr
513 3423 581 3461 corr.
596 3424 650 3460 ros.
668 3411 688 3459 Β
759 3414 803 3458 366
827 3410 878 3459 trhr
899 3405 966 3460 sulla
986 3405 1049 3461 oras
1061 3410 1095 3471 C;
1111 3412 1161 3462 trbr
1173 3408 1185 3479 ΙΙ
1196 3410 1264 3462 stul-

230 3498 283 3546 lum
304 3510 351 3546 ora
369 3509 429 3547 corr
446 3510 500 3546 ras.
522 3491 619 3560 trbritss
631 3496 717 3546 ullam
736 3510 784 3546 ora
803 3498 839 3555 B;
867 3496 918 3546 tibi
938 3498 979 3546 est
997 3498 1053 3547 ulla
1072 3511 1149 3548 mora
1171 3499 1263 3549 Come-

228 3585 319 3633 rarius
389 3583 439 3632 tihi
459 3583 540 3633 iamst
559 3596 617 3632 eum
634 3583 782 3632 Hermanno
795 3583 963 3642 Rttseteltas;
981 3583 1092 3645 sortasse
1110 3596 1198 3647 neque
1211 3584 1263 3634 tihi

230 3670 271 3718 est
292 3659 383 3732 [haud]
404 3669 460 3718 ulle
479 3670 535 3720 oott.
556 3684 580 3719 v.
598 3672 645 3719 365
759 3673 808 3718 362
827 3671 858 3719 ιιι
877 3663 956 3719 ruso
974 3664 1052 3719 [trhrc
1068 3669 1087 3719 C
1104 3671 1135 3720 ut
1153 3663 1263 3720 russestr

230 3755 275 3803 hro
289 3755 310 3803 Β
322 3757 353 3805 ut
372 3748 530 3804 rusirstrchro
550 3756 644 3805 Beorr
762 3755 883 3805 curatust
901 3753 949 3804 ubr
964 3755 985 3804 Β
1003 3750 1116 3805 curatus
1132 3755 1219 3806 trbrC

300 3841 376 3890 lubet
391 3839 410 3891 C
426 3840 527 3890 lrbetB
603 3841 640 3904 Cf.
655 3843 756 3891 Nouius
768 3856 798 3904 p.
813 3845 872 3901 tto,
889 3845 919 3889 ta
935 3833 1034 3891 ‘Varro
1053 3841 1118 3890 Tafe
1136 3841 1264 3906 Menippu

230 3924 295 3975 “ubi
306 3926 391 3987 lubet,
401 3927 439 3976 ire
453 3927 517 3975 licet
528 3925 705 3978 accubitum”
717 3927 819 3977 accedo
831 3927 951 3991 (accepto
962 3929 1065 3977 torreat
1077 3927 1145 3989 otim)
1155 3929 1264 3978 strenue

231 4013 387 4062 sussilimus
400 4012 475 4076 quod
488 4013 597 4075 esurigo
610 4013 733 4064 findebat
745 4008 851 4064 costas?
928 4014 1047 4064 Fortasse
1057 4014 1121 4064 iusti
1133 4013 1172 4075 (rs.
1190 4017 1263 4077 4466)

231 4102 259 4146 at
277 4101 424 4149 octonarios
433 4101 544 4161 prodeat
562 4100 708 4163 prandium
726 4103 758 4150 ut
775 4101 840 4150 iusti
861 4099 904 4149 hio
923 4100 1088 4149 curatumst:
1109 4098 1158 4149 ribi
1177 4099 1263 4160 lubet,

232 4183 271 4232 ire
289 4185 353 4233 lieet
371 4185 545 4245 accubitum,
570 4199 619 4246 qao
638 4188 764 4237 transitus
783 4189 917 4237 arantino
936 4186 969 4235 ad
988 4185 1140 4246 colloquium
1156 4191 1266 4249 paretur
