<?xml version="1.0" encoding="UTF-8"?>
<!DOCTYPE html PUBLIC "-//W3C//DTD XHTML 1.0 Transitional//EN"
    "http://www.w3.org/TR/xhtml1/DTD/xhtml1-transitional.dtd">
<html xmlns="http://www.w3.org/1999/xhtml" xml:lang="en" lang="en">
 <head>
  <title>
</title>
<meta http-equiv="Content-Type" content="text/html;charset=utf-8" />
  <meta name='ocr-system' content='tesseract 3.04.00' />
  <meta name='ocr-capabilities' content='ocr_page ocr_carea ocr_par ocr_line ocrx_word'/>
</head>
<body>
  <div class='ocr_page' id='page_1' title='image "./tmacciplautimen00vahlgoog_0033.png"; bbox 0 0 3102 4766; ppageno 0'>
   <div class='ocr_carea' id='block_1_1' title="bbox 301 274 996 340">
    <p class='ocr_par' dir='ltr' id='par_1_1' title="bbox 301 274 996 340">
     <span class='ocr_line' id='line_1_1' title="bbox 301 274 996 340; baseline -0.003 -10"><span class='ocrx_word' id='word_1_1' title='bbox 301 279 342 340; x_wconf 75' lang='lat'><strong>24</strong></span> <span class='ocrx_word' id='word_1_2' title='bbox 629 275 696 332; x_wconf 77' lang='lat' dir='ltr'><strong>Aet.</strong></span> <span class='ocrx_word' id='word_1_3' title='bbox 709 289 734 329; x_wconf 93' lang='lat'><strong>11</strong></span> <span class='ocrx_word' id='word_1_4' title='bbox 751 274 797 331; x_wconf 81' lang='lat' dir='ltr'><strong>So.</strong></span> <span class='ocrx_word' id='word_1_5' title='bbox 811 279 823 328; x_wconf 92' lang='lat'><strong>1</strong></span> <span class='ocrx_word' id='word_1_6' title='bbox 844 277 880 332; x_wconf 88' lang='lat' dir='ltr'><strong>V.</strong></span> <span class='ocrx_word' id='word_1_7' title='bbox 894 280 996 331; x_wconf 69' lang='lat'><strong>32-47</strong></span> 
     </span>
    </p>
   </div>
   <div class='ocr_carea' id='block_1_2' title="bbox 248 451 1215 1304">
    <p class='ocr_par' dir='ltr' id='par_1_2' title="bbox 248 451 1165 960">
     <span class='ocr_line' id='line_1_2' title="bbox 248 451 1141 530; baseline 0.008 -25"><span class='ocrx_word' id='word_1_8' title='bbox 248 463 288 505; x_wconf 74' lang='lat' dir='ltr'><strong>ue</strong></span> <span class='ocrx_word' id='word_1_9' title='bbox 301 452 360 511; x_wconf 90' lang='lat' dir='ltr'><strong>Ubi</strong></span> <span class='ocrx_word' id='word_1_10' title='bbox 382 453 425 512; x_wconf 91' lang='lat' dir='ltr'><strong>nil</strong></span> <span class='ocrx_word' id='word_1_11' title='bbox 447 451 582 526; x_wconf 78' lang='lat' dir='ltr'>habebis,</span> <span class='ocrx_word' id='word_1_12' title='bbox 606 452 755 529; x_wconf 87' lang='lat' dir='ltr'><strong>geminum</strong></span> <span class='ocrx_word' id='word_1_13' title='bbox 777 452 848 512; x_wconf 91' lang='lat' dir='ltr'><strong>dum</strong></span> <span class='ocrx_word' id='word_1_14' title='bbox 871 471 1008 528; x_wconf 84' lang='lat' dir='ltr'><strong>quaeres,</strong></span> <span class='ocrx_word' id='word_1_15' title='bbox 1031 472 1141 530; x_wconf 80' lang='lat' dir='ltr'><strong>gemes.</strong></span> 
     </span>
     <span class='ocr_line' id='line_1_3' title="bbox 301 561 1165 641; baseline 0.003 -19"><span class='ocrx_word' id='word_1_16' title='bbox 301 565 378 623; x_wconf 81' lang='lat' dir='ltr'><strong>Nam</strong></span> <span class='ocrx_word' id='word_1_17' title='bbox 398 564 443 622; x_wconf 92' lang='lat' dir='ltr'><strong>ita</strong></span> <span class='ocrx_word' id='word_1_18' title='bbox 464 567 510 622; x_wconf 92' lang='lat' dir='ltr'><strong>est</strong></span> <span class='ocrx_word' id='word_1_19' title='bbox 531 561 608 623; x_wconf 85' lang='lat' dir='ltr'><strong>haee</strong></span> <span class='ocrx_word' id='word_1_20' title='bbox 629 564 782 624; x_wconf 86' lang='lat' dir='ltr'><strong>hominum</strong></span> <span class='ocrx_word' id='word_1_21' title='bbox 802 565 906 624; x_wconf 86' lang='lat' dir='ltr'><strong>natio·</strong></span> <span class='ocrx_word' id='word_1_22' title='bbox 921 597 928 609; x_wconf 92' lang='lat'><strong>·</strong></span> <span class='ocrx_word' id='word_1_23' title='bbox 942 565 1165 641; x_wconf 82' lang='lat' dir='ltr'><strong>·Epidamnieis</strong></span> 
     </span>
     <span class='ocr_line' id='line_1_4' title="bbox 302 675 946 751; baseline 0 -17"><span class='ocrx_word' id='word_1_24' title='bbox 302 675 471 750; x_wconf 87' lang='lat' dir='ltr'><strong>Voluptarii</strong></span> <span class='ocrx_word' id='word_1_25' title='bbox 493 678 585 750; x_wconf 84' lang='lat' dir='ltr'><strong>atque</strong></span> <span class='ocrx_word' id='word_1_26' title='bbox 607 679 761 751; x_wconf 78' lang='lat' dir='ltr'><strong>potatores</strong></span> <span class='ocrx_word' id='word_1_27' title='bbox 783 675 946 736; x_wconf 86' lang='lat' dir='ltr'><strong>maxumei:</strong></span> 
     </span>
     <span class='ocr_line' id='line_1_5' title="bbox 301 786 1028 863; baseline 0.001 -17"><span class='ocrx_word' id='word_1_28' title='bbox 301 788 379 846; x_wconf 81' lang='lat' dir='ltr'><strong>Tum</strong></span> <span class='ocrx_word' id='word_1_29' title='bbox 401 786 609 863; x_wconf 77' lang='lat' dir='ltr'><strong>sycophantae</strong></span> <span class='ocrx_word' id='word_1_30' title='bbox 631 791 662 846; x_wconf 92' lang='lat' dir='ltr'><strong>et</strong></span> <span class='ocrx_word' id='word_1_31' title='bbox 683 788 859 863; x_wconf 78' lang='lat' dir='ltr'><strong>palpatores</strong></span> <span class='ocrx_word' id='word_1_32' title='bbox 880 788 1028 863; x_wconf 88' lang='lat' dir='ltr'><strong>plurnmei</strong></span> 
     </span>
     <span class='ocr_line' id='line_1_6' title="bbox 302 897 1130 960; baseline 0.001 -2"><span class='ocrx_word' id='word_1_33' title='bbox 302 900 338 957; x_wconf 90' lang='lat' dir='ltr'><strong>ln</strong></span> <span class='ocrx_word' id='word_1_34' title='bbox 360 899 435 958; x_wconf 91' lang='lat' dir='ltr'><strong>urbe</strong></span> <span class='ocrx_word' id='word_1_35' title='bbox 457 899 515 958; x_wconf 87' lang='lat' dir='ltr'><strong>hae</strong></span> <span class='ocrx_word' id='word_1_36' title='bbox 537 897 688 958; x_wconf 86' lang='lat' dir='ltr'><strong>habitant:</strong></span> <span class='ocrx_word' id='word_1_37' title='bbox 713 903 775 958; x_wconf 85' lang='lat' dir='ltr'><strong>tum</strong></span> <span class='ocrx_word' id='word_1_38' title='bbox 797 899 969 958; x_wconf 77' lang='lat' dir='ltr'><strong>meretrices</strong></span> <span class='ocrx_word' id='word_1_39' title='bbox 990 899 1130 960; x_wconf 90' lang='lat' dir='ltr'><strong>mulieres</strong></span> 
     </span>
    </p>

    <p class='ocr_par' dir='ltr' id='par_1_3' title="bbox 250 1009 1215 1304">
     <span class='ocr_line' id='line_1_7' title="bbox 250 1009 1036 1086; baseline 0.003 -20"><span class='ocrx_word' id='word_1_40' title='bbox 250 1024 289 1066; x_wconf 79' lang='lat' dir='ltr'><strong>aso</strong></span> <span class='ocrx_word' id='word_1_41' title='bbox 302 1012 458 1086; x_wconf 82' lang='lat' dir='ltr'><strong>Nusquam</strong></span> <span class='ocrx_word' id='word_1_42' title='bbox 480 1009 678 1086; x_wconf 79' lang='lat' dir='ltr'><strong>perhibentur</strong></span> <span class='ocrx_word' id='word_1_43' title='bbox 699 1009 873 1070; x_wconf 83' lang='lat' dir='ltr'><strong>blandiores</strong></span> <span class='ocrx_word' id='word_1_44' title='bbox 895 1011 1036 1086; x_wconf 86' lang='lat' dir='ltr'><strong>gentium.</strong></span> 
     </span>
     <span class='ocr_line' id='line_1_8' title="bbox 302 1121 1215 1198; baseline 0.002 -18"><span class='ocrx_word' id='word_1_45' title='bbox 302 1122 468 1197; x_wconf 84' lang='lat' dir='ltr'><strong>Propterea</strong></span> <span class='ocrx_word' id='word_1_46' title='bbox 488 1121 559 1181; x_wconf 86' lang='lat' dir='ltr'><strong>huie</strong></span> <span class='ocrx_word' id='word_1_47' title='bbox 581 1122 668 1182; x_wconf 89' lang='lat' dir='ltr'><strong>urbei</strong></span> <span class='ocrx_word' id='word_1_48' title='bbox 690 1140 798 1182; x_wconf 90' lang='lat' dir='ltr'><strong>nomeu</strong></span> <span class='ocrx_word' id='word_1_49' title='bbox 810 1122 990 1198; x_wconf 82' lang='lat' dir='ltr'><strong>-Epidamno</strong></span> <span class='ocrx_word' id='word_1_50' title='bbox 1011 1122 1138 1182; x_wconf 83' lang='lat' dir='ltr'><strong>inditum</strong></span> <span class='ocrx_word' id='word_1_51' title='bbox 1161 1128 1215 1198; x_wconf 77' lang='lat' dir='ltr'><strong>est,</strong></span> 
     </span>
     <span class='ocr_line' id='line_1_9' title="bbox 303 1233 1102 1304; baseline 0.001 -13"><span class='ocrx_word' id='word_1_52' title='bbox 303 1233 380 1304; x_wconf 80' lang='lat' dir='ltr'><strong>Quia</strong></span> <span class='ocrx_word' id='word_1_53' title='bbox 401 1250 488 1292; x_wconf 91' lang='lat' dir='ltr'><strong>nemo</strong></span> <span class='ocrx_word' id='word_1_54' title='bbox 511 1233 604 1292; x_wconf 85' lang='lat' dir='ltr'><strong>ferme</strong></span> <span class='ocrx_word' id='word_1_55' title='bbox 627 1233 690 1292; x_wconf 90' lang='lat' dir='ltr'><strong>sino</strong></span> <span class='ocrx_word' id='word_1_56' title='bbox 713 1234 822 1293; x_wconf 86' lang='lat' dir='ltr'><strong>damno</strong></span> <span class='ocrx_word' id='word_1_57' title='bbox 844 1233 904 1292; x_wconf 88' lang='lat' dir='ltr'><strong>hue</strong></span> <span class='ocrx_word' id='word_1_58' title='bbox 928 1233 1102 1293; x_wconf 84' lang='lat' dir='ltr'><strong>devortitur.</strong></span> 
     </span>
    </p>
   </div>
   <div class='ocr_carea' id='block_1_3' title="bbox 707 1341 922 1397">
    <p class='ocr_par' dir='ltr' id='par_1_4' title="bbox 707 1341 922 1397">
     <span class='ocr_line' id='line_1_10' title="bbox 707 1341 922 1397; baseline 0 -3"><span class='ocrx_word' id='word_1_59' title='bbox 707 1341 922 1397; x_wconf 73' lang='lat' dir='ltr'><strong>dinnanomws</strong></span> 
     </span>
    </p>
   </div>
   <div class='ocr_carea' id='block_1_4' title="bbox 303 1438 1217 1601">
    <p class='ocr_par' dir='ltr' id='par_1_5' title="bbox 303 1438 1217 1601">
     <span class='ocr_line' id='line_1_11' title="bbox 303 1438 1217 1517; baseline 0.002 -21"><span class='ocrx_word' id='word_1_60' title='bbox 303 1439 369 1516; x_wconf 82' lang='lat' dir='ltr'><strong>Ego</strong></span> <span class='ocrx_word' id='word_1_61' title='bbox 390 1439 468 1499; x_wconf 88' lang='lat' dir='ltr'><strong>istne</strong></span> <span class='ocrx_word' id='word_1_62' title='bbox 490 1439 614 1498; x_wconf 88' lang='lat' dir='ltr'><strong>eavebo.</strong></span> <span class='ocrx_word' id='word_1_63' title='bbox 638 1438 713 1498; x_wconf 88' lang='lat' dir='ltr'><strong>oedo</strong></span> <span class='ocrx_word' id='word_1_64' title='bbox 737 1439 806 1498; x_wconf 90' lang='lat' dir='ltr'><strong>dnm</strong></span> <span class='ocrx_word' id='word_1_65' title='bbox 828 1439 888 1498; x_wconf 88' lang='lat' dir='ltr'><strong>hue</strong></span> <span class='ocrx_word' id='word_1_66' title='bbox 910 1439 982 1498; x_wconf 91' lang='lat' dir='ltr'><strong>mihi</strong></span> <span class='ocrx_word' id='word_1_67' title='bbox 1004 1441 1217 1517; x_wconf 88' lang='lat' dir='ltr'><strong>marsuppium.</strong></span> 
     </span>
     <span class='ocr_line' id='line_1_12' title="bbox 740 1549 898 1601; baseline -0.019 0"><span class='ocrx_word' id='word_1_68' title='bbox 740 1549 898 1601; x_wconf 77' lang='lat' dir='ltr'><strong>Mussnuzo</strong></span> 
     </span>
    </p>
   </div>
   <div class='ocr_carea' id='block_1_5' title="bbox 304 1643 920 1807">
    <p class='ocr_par' dir='ltr' id='par_1_6' title="bbox 304 1643 920 1807">
     <span class='ocr_line' id='line_1_13' title="bbox 304 1643 532 1716; baseline -0.004 -13"><span class='ocrx_word' id='word_1_69' title='bbox 304 1643 383 1716; x_wconf 83' lang='lat' dir='ltr'><strong>Quid</strong></span> <span class='ocrx_word' id='word_1_70' title='bbox 406 1661 441 1703; x_wconf 87' lang='lat' dir='ltr'><strong>eo</strong></span> <span class='ocrx_word' id='word_1_71' title='bbox 464 1643 532 1703; x_wconf 77' lang='lat' dir='ltr'><strong>visi</strong></span> 
     </span>
     <span class='ocr_line' id='line_1_14' title="bbox 713 1755 920 1807; baseline -0.014 0"><span class='ocrx_word' id='word_1_72' title='bbox 713 1755 920 1807; x_wconf 75' lang='lat' dir='ltr'><strong>Mnnmonuus</strong></span> 
     </span>
    </p>
   </div>
   <div class='ocr_carea' id='block_1_6' title="bbox 544 1851 1131 2011">
    <p class='ocr_par' dir='ltr' id='par_1_7' title="bbox 544 1851 1131 2011">
     <span class='ocr_line' id='line_1_15' title="bbox 544 1851 1131 1926; baseline -0.002 -16"><span class='ocrx_word' id='word_1_73' title='bbox 544 1853 608 1911; x_wconf 89' lang='lat' dir='ltr'><strong>lam</strong></span> <span class='ocrx_word' id='word_1_74' title='bbox 631 1868 685 1926; x_wconf 88' lang='lat' dir='ltr'><strong>aps</strong></span> <span class='ocrx_word' id='word_1_75' title='bbox 705 1856 735 1910; x_wconf 82' lang='lat' dir='ltr'><strong>te</strong></span> <span class='ocrx_word' id='word_1_76' title='bbox 758 1855 857 1910; x_wconf 87' lang='lat' dir='ltr'><strong>metuo</strong></span> <span class='ocrx_word' id='word_1_77' title='bbox 881 1851 919 1911; x_wconf 92' lang='lat' dir='ltr'><strong>de</strong></span> <span class='ocrx_word' id='word_1_78' title='bbox 940 1851 1041 1911; x_wconf 86' lang='lat' dir='ltr'><strong>verbis</strong></span> <span class='ocrx_word' id='word_1_79' title='bbox 1063 1852 1131 1912; x_wconf 88' lang='lat' dir='ltr'><strong>tuis.</strong></span> 
     </span>
     <span class='ocr_line' id='line_1_16' title="bbox 743 1959 899 2011; baseline -0.006 0"><span class='ocrx_word' id='word_1_80' title='bbox 743 1959 899 2011; x_wconf 68' lang='lat' dir='ltr'><strong>Messenio</strong></span> 
     </span>
    </p>
   </div>
   <div class='ocr_carea' id='block_1_7' title="bbox 250 2054 534 2127">
    <p class='ocr_par' dir='ltr' id='par_1_8' title="bbox 250 2054 534 2127">
     <span class='ocr_line' id='line_1_17' title="bbox 250 2054 534 2127; baseline 0.007 -15"><span class='ocrx_word' id='word_1_81' title='bbox 250 2071 290 2114; x_wconf 77' lang='lat' dir='ltr'><strong>aus</strong></span> <span class='ocrx_word' id='word_1_82' title='bbox 304 2054 383 2127; x_wconf 80' lang='lat' dir='ltr'><strong>Quid</strong></span> <span class='ocrx_word' id='word_1_83' title='bbox 405 2055 534 2117; x_wconf 78' lang='lat' dir='ltr'><strong>metuisi</strong></span> 
     </span>
    </p>
   </div>
   <div class='ocr_carea' id='block_1_8' title="bbox 552 2164 1196 2339">
    <p class='ocr_par' dir='ltr' id='par_1_9' title="bbox 552 2164 1196 2339">
     <span class='ocr_line' id='line_1_18' title="bbox 716 2164 921 2216; baseline -0.01 0"><span class='ocrx_word' id='word_1_84' title='bbox 716 2164 921 2216; x_wconf 73' lang='lat' dir='ltr'><strong>Mnulnonnus</strong></span> 
     </span>
     <span class='ocr_line' id='line_1_19' title="bbox 552 2261 1196 2339; baseline -0.002 -17"><span class='ocrx_word' id='word_1_85' title='bbox 552 2264 598 2322; x_wconf 88' lang='lat' dir='ltr'><strong>No</strong></span> <span class='ocrx_word' id='word_1_86' title='bbox 621 2261 692 2322; x_wconf 89' lang='lat' dir='ltr'><strong>mihi</strong></span> <span class='ocrx_word' id='word_1_87' title='bbox 715 2263 854 2323; x_wconf 90' lang='lat' dir='ltr'><strong>damnum</strong></span> <span class='ocrx_word' id='word_1_88' title='bbox 876 2263 907 2321; x_wconf 91' lang='lat' dir='ltr'><strong>in</strong></span> <span class='ocrx_word' id='word_1_89' title='bbox 929 2262 1097 2339; x_wconf 81' lang='lat' dir='ltr'><strong>Epidamno</strong></span> <span class='ocrx_word' id='word_1_90' title='bbox 1121 2263 1196 2323; x_wconf 91' lang='lat' dir='ltr'><strong>duis.</strong></span> 
     </span>
    </p>
   </div>
   <div class='ocr_carea' id='block_1_9' title="bbox 303 2374 1139 2674">
    <p class='ocr_par' dir='ltr' id='par_1_10' title="bbox 303 2374 1139 2674">
     <span class='ocr_line' id='line_1_20' title="bbox 303 2374 1059 2452; baseline 0 -19"><span class='ocrx_word' id='word_1_91' title='bbox 303 2375 351 2433; x_wconf 83' lang='lat' dir='ltr'><strong>Tu</strong></span> <span class='ocrx_word' id='word_1_92' title='bbox 374 2393 498 2452; x_wconf 79' lang='lat' dir='ltr'><strong>magnus</strong></span> <span class='ocrx_word' id='word_1_93' title='bbox 521 2379 636 2435; x_wconf 88' lang='lat' dir='ltr'><strong>amator</strong></span> <span class='ocrx_word' id='word_1_94' title='bbox 649 2375 814 2435; x_wconf 89' lang='lat' dir='ltr'><strong>mulierum</strong></span> <span class='ocrx_word' id='word_1_95' title='bbox 836 2393 877 2448; x_wconf 88' lang='lat' dir='ltr'><strong>es,</strong></span> <span class='ocrx_word' id='word_1_96' title='bbox 900 2374 1059 2450; x_wconf 82' lang='lat' dir='ltr'><strong>Messenio,</strong></span> 
     </span>
     <span class='ocr_line' id='line_1_21' title="bbox 304 2486 1057 2562; baseline 0 -18"><span class='ocrx_word' id='word_1_97' title='bbox 304 2487 369 2562; x_wconf 80' lang='lat' dir='ltr'><strong>Ego</strong></span> <span class='ocrx_word' id='word_1_98' title='bbox 393 2490 491 2546; x_wconf 86' lang='lat' dir='ltr'><strong>autem</strong></span> <span class='ocrx_word' id='word_1_99' title='bbox 514 2486 602 2546; x_wconf 92' lang='lat' dir='ltr'><strong>homo</strong></span> <span class='ocrx_word' id='word_1_100' title='bbox 624 2486 796 2561; x_wconf 81' lang='lat' dir='ltr'><strong>iracundus,</strong></span> <span class='ocrx_word' id='word_1_101' title='bbox 820 2486 911 2546; x_wconf 87' lang='lat' dir='ltr'><strong>animi</strong></span> <span class='ocrx_word' id='word_1_102' title='bbox 932 2486 1057 2562; x_wconf 86' lang='lat' dir='ltr'><strong>perditi:</strong></span> 
     </span>
     <span class='ocr_line' id='line_1_22' title="bbox 304 2596 1139 2674; baseline 0 -18"><span class='ocrx_word' id='word_1_103' title='bbox 304 2597 341 2656; x_wconf 92' lang='lat' dir='ltr'><strong>ld</strong></span> <span class='ocrx_word' id='word_1_104' title='bbox 362 2601 530 2673; x_wconf 87' lang='lat' dir='ltr'><strong>utrumque,</strong></span> <span class='ocrx_word' id='word_1_105' title='bbox 554 2602 710 2674; x_wconf 84' lang='lat' dir='ltr'><strong>argentum</strong></span> <span class='ocrx_word' id='word_1_106' title='bbox 734 2598 854 2673; x_wconf 90' lang='lat' dir='ltr'><strong>quando</strong></span> <span class='ocrx_word' id='word_1_107' title='bbox 877 2596 1005 2672; x_wconf 83' lang='lat' dir='ltr'><strong>habebo,</strong></span> <span class='ocrx_word' id='word_1_108' title='bbox 1030 2615 1139 2657; x_wconf 88' lang='lat' dir='ltr'><strong>oavero</strong></span> 
     </span>
    </p>
   </div>
   <div class='ocr_carea' id='block_1_10' title="bbox 304 2707 983 2868">
    <p class='ocr_par' dir='ltr' id='par_1_11' title="bbox 304 2707 983 2868">
     <span class='ocr_line' id='line_1_23' title="bbox 304 2707 983 2784; baseline -0.003 -16"><span class='ocrx_word' id='word_1_109' title='bbox 304 2711 405 2769; x_wconf 77' lang='lat' dir='ltr'><strong>lietu</strong></span> <span class='ocrx_word' id='word_1_110' title='bbox 429 2708 586 2784; x_wconf 89' lang='lat' dir='ltr'><strong>delinquas</strong></span> <span class='ocrx_word' id='word_1_111' title='bbox 608 2726 683 2768; x_wconf 89' lang='lat' dir='ltr'><strong>neve</strong></span> <span class='ocrx_word' id='word_1_112' title='bbox 707 2727 762 2784; x_wconf 86' lang='lat' dir='ltr'><strong>ego</strong></span> <span class='ocrx_word' id='word_1_113' title='bbox 785 2709 899 2768; x_wconf 81' lang='lat' dir='ltr'><strong>irascar</strong></span> <span class='ocrx_word' id='word_1_114' title='bbox 920 2707 983 2767; x_wconf 88' lang='lat' dir='ltr'><strong>tibi.</strong></span> 
     </span>
     <span class='ocr_line' id='line_1_24' title="bbox 741 2816 899 2868; baseline -0.013 0"><span class='ocrx_word' id='word_1_115' title='bbox 741 2816 899 2868; x_wconf 79' lang='lat' dir='ltr'><strong>Mussnnzo</strong></span> 
     </span>
    </p>
   </div>
   <div class='ocr_carea' id='block_1_11' title="bbox 252 2913 980 2990">
    <p class='ocr_par' dir='ltr' id='par_1_12' title="bbox 252 2913 980 2990">
     <span class='ocr_line' id='line_1_25' title="bbox 252 2913 980 2990; baseline -0.01 -11"><span class='ocrx_word' id='word_1_116' title='bbox 252 2937 291 2979; x_wconf 77' lang='lat' dir='ltr'><strong>mo</strong></span> <span class='ocrx_word' id='word_1_117' title='bbox 306 2915 387 2990; x_wconf 79' lang='lat' dir='ltr'><strong>Cape</strong></span> <span class='ocrx_word' id='word_1_118' title='bbox 410 2920 501 2990; x_wconf 84' lang='lat' dir='ltr'><strong>atque</strong></span> <span class='ocrx_word' id='word_1_119' title='bbox 525 2931 626 2974; x_wconf 87' lang='lat' dir='ltr'><strong>serva:</strong></span> <span class='ocrx_word' id='word_1_120' title='bbox 652 2933 698 2974; x_wconf 92' lang='lat' dir='ltr'><strong>me</strong></span> <span class='ocrx_word' id='word_1_121' title='bbox 720 2915 841 2974; x_wconf 87' lang='lat' dir='ltr'><strong>lubente</strong></span> <span class='ocrx_word' id='word_1_122' title='bbox 864 2913 980 2973; x_wconf 79' lang='lat' dir='ltr'><strong>seueris.</strong></span> 
     </span>
    </p>
   </div>
   <div class='ocr_carea' id='block_1_12' title="bbox 212 3166 1335 4090">
    <p class='ocr_par' dir='ltr' id='par_1_13' title="bbox 302 3166 1335 3736">
     <span class='ocr_line' id='line_1_26' title="bbox 375 3166 1334 3238; baseline 0 -19"><span class='ocrx_word' id='word_1_123' title='bbox 375 3174 424 3220; x_wconf 89' lang='grc'><strong>255</strong></span> <span class='ocrx_word' id='word_1_124' title='bbox 443 3170 589 3228; x_wconf 72' lang='lat' dir='ltr'><strong>pumunsA</strong></span> <span class='ocrx_word' id='word_1_125' title='bbox 609 3172 700 3234; x_wconf 78' lang='lat' dir='ltr'><strong>quemi</strong></span> <span class='ocrx_word' id='word_1_126' title='bbox 716 3168 761 3220; x_wconf 85' lang='lat' dir='ltr'><strong>BC</strong></span> <span class='ocrx_word' id='word_1_127' title='bbox 856 3166 959 3238; x_wconf 67' lang='lat' dir='ltr'><strong>onnus(</strong></span> <span class='ocrx_word' id='word_1_128' title='bbox 977 3195 1235 3209; x_wconf 89' lang='lat'><strong>············</strong></span> <span class='ocrx_word' id='word_1_129' title='bbox 1257 3185 1334 3222; x_wconf 85' lang='lat' dir='ltr'><strong>nom-</strong></span> 
     </span>
     <span class='ocr_line' id='line_1_27' title="bbox 306 3252 1334 3324; baseline 0.002 -20"><span class='ocrx_word' id='word_1_130' title='bbox 306 3269 432 3306; x_wconf 73' lang='lat' dir='ltr'><strong>uunulmo</strong></span> <span class='ocrx_word' id='word_1_131' title='bbox 448 3278 500 3298; x_wconf 88' lang='lat'><strong>···</strong></span> <span class='ocrx_word' id='word_1_132' title='bbox 519 3270 679 3306; x_wconf 73' lang='lat' dir='ltr'><strong>rainaumms</strong></span> <span class='ocrx_word' id='word_1_133' title='bbox 695 3252 699 3324; x_wconf 68' lang='lat' dir='ltr'><strong>l</strong></span> <span class='ocrx_word' id='word_1_134' title='bbox 716 3269 764 3306; x_wconf 85' lang='lat' dir='ltr'><strong>uon</strong></span> <span class='ocrx_word' id='word_1_135' title='bbox 780 3255 826 3304; x_wconf 94' lang='lat' dir='ltr'><strong>-A</strong></span> <span class='ocrx_word' id='word_1_136' title='bbox 854 3252 947 3319; x_wconf 84' lang='lat' dir='ltr'><strong>gemel</strong></span> <span class='ocrx_word' id='word_1_137' title='bbox 962 3258 1038 3306; x_wconf 79' lang='lat' dir='ltr'><strong>natio</strong></span> <span class='ocrx_word' id='word_1_138' title='bbox 1061 3256 1217 3320; x_wconf 79' lang='lat' dir='ltr'><strong>epidamnia</strong></span> <span class='ocrx_word' id='word_1_139' title='bbox 1237 3253 1241 3323; x_wconf 93' lang='grc' dir='ltr'>Ι</span> <span class='ocrx_word' id='word_1_140' title='bbox 1263 3257 1334 3308; x_wconf 90' lang='lat' dir='ltr'><strong>Nam</strong></span> 
     </span>
     <span class='ocr_line' id='line_1_28' title="bbox 307 3338 1335 3409; baseline 0.003 -19"><span class='ocrx_word' id='word_1_141' title='bbox 307 3344 343 3391; x_wconf 79' lang='lat' dir='ltr'><strong>ita</strong></span> <span class='ocrx_word' id='word_1_142' title='bbox 361 3338 400 3391; x_wconf 82' lang='lat' dir='ltr'><strong>elt</strong></span> <span class='ocrx_word' id='word_1_143' title='bbox 418 3343 467 3391; x_wconf 88' lang='lat' dir='ltr'><strong>hec</strong></span> <span class='ocrx_word' id='word_1_144' title='bbox 487 3343 598 3391; x_wconf 74' lang='lat' dir='ltr'><strong>hominii</strong></span> <span class='ocrx_word' id='word_1_145' title='bbox 615 3338 619 3409; x_wconf 72' lang='lat' dir='ltr'><strong>l</strong></span> <span class='ocrx_word' id='word_1_146' title='bbox 634 3342 787 3406; x_wconf 87' lang='lat' dir='ltr'><strong>Voluptarn</strong></span> <span class='ocrx_word' id='word_1_147' title='bbox 811 3341 856 3392; x_wconf 85' lang='lat' dir='ltr'><strong>BC</strong></span> <span class='ocrx_word' id='word_1_148' title='bbox 948 3342 1134 3406; x_wconf 85' lang='lat' dir='ltr'><strong>Epidamnieis</strong></span> <span class='ocrx_word' id='word_1_149' title='bbox 1152 3345 1234 3393; x_wconf 74' lang='lat' dir='ltr'><strong>viden·</strong></span> <span class='ocrx_word' id='word_1_150' title='bbox 1251 3346 1335 3393; x_wconf 76' lang='lat' dir='ltr'><strong>amni-</strong></span> 
     </span>
     <span class='ocr_line' id='line_1_29' title="bbox 305 3429 1335 3493; baseline 0.003 -17"><span class='ocrx_word' id='word_1_151' title='bbox 305 3429 422 3476; x_wconf 80' lang='lat' dir='ltr'><strong>aatioum</strong></span> <span class='ocrx_word' id='word_1_152' title='bbox 444 3440 498 3477; x_wconf 80' lang='lat' dir='ltr'><strong>osse</strong></span> <span class='ocrx_word' id='word_1_153' title='bbox 516 3430 609 3490; x_wconf 79' lang='lat' dir='ltr'><strong>scripsi</strong></span> <span class='ocrx_word' id='word_1_154' title='bbox 632 3431 659 3478; x_wconf 80' lang='lat' dir='ltr'><strong>in</strong></span> <span class='ocrx_word' id='word_1_155' title='bbox 677 3441 743 3478; x_wconf 83' lang='lat' dir='ltr'><strong>mas.</strong></span> <span class='ocrx_word' id='word_1_156' title='bbox 765 3429 843 3478; x_wconf 74' lang='lat' dir='ltr'><strong>iiten.</strong></span> <span class='ocrx_word' id='word_1_157' title='bbox 866 3431 931 3476; x_wconf 76' lang='grc'>6872</span> <span class='ocrx_word' id='word_1_158' title='bbox 954 3442 982 3490; x_wconf 88' lang='lat' dir='ltr'><strong>p.</strong></span> <span class='ocrx_word' id='word_1_159' title='bbox 1007 3432 1053 3476; x_wconf 77' lang='grc'><strong>176</strong></span> <span class='ocrx_word' id='word_1_160' title='bbox 1078 3429 1130 3492; x_wconf 90' lang='lat' dir='ltr'><strong>ipsi</strong></span> <span class='ocrx_word' id='word_1_161' title='bbox 1149 3429 1335 3493; x_wconf 88' lang='lat' dir='ltr'><strong>Epidamnieis</strong></span> 
     </span>
     <span class='ocr_line' id='line_1_30' title="bbox 302 3513 1213 3578; baseline 0.002 -16"><span class='ocrx_word' id='word_1_162' title='bbox 302 3518 411 3575; x_wconf 82' lang='lat' dir='ltr'><strong>propter</strong></span> <span class='ocrx_word' id='word_1_163' title='bbox 428 3513 597 3575; x_wconf 64' lang='lat' dir='ltr'><strong>delectantia</strong></span> <span class='ocrx_word' id='word_1_164' title='bbox 614 3513 635 3562; x_wconf 99' lang='lat' dir='ltr'><em>A</em></span> <span class='ocrx_word' id='word_1_165' title='bbox 657 3516 808 3574; x_wconf 67' lang='lat' dir='ltr'><strong>condoleus,-</strong></span> <span class='ocrx_word' id='word_1_166' title='bbox 828 3515 856 3563; x_wconf 90' lang='lat' dir='ltr'><strong>in</strong></span> <span class='ocrx_word' id='word_1_167' title='bbox 874 3514 1044 3578; x_wconf 86' lang='lat' dir='ltr'><strong>Epidamniis</strong></span> <span class='ocrx_word' id='word_1_168' title='bbox 1066 3515 1213 3564; x_wconf 75' lang='lat' dir='ltr'><strong>Ritsotelias</strong></span> 
     </span>
     <span class='ocr_line' id='line_1_31' title="bbox 307 3598 1219 3664; baseline 0.004 -17"><span class='ocrx_word' id='word_1_169' title='bbox 307 3603 354 3648; x_wconf 83' lang='grc'><strong>257</strong></span> <span class='ocrx_word' id='word_1_170' title='bbox 374 3612 487 3650; x_wconf 71' lang='lat' dir='ltr'><strong>nuruum</strong></span> <span class='ocrx_word' id='word_1_171' title='bbox 504 3598 525 3647; x_wconf 99' lang='lat' dir='ltr'><em>A</em></span> <span class='ocrx_word' id='word_1_172' title='bbox 544 3612 656 3648; x_wconf 77' lang='lat' dir='ltr'><strong>maximi</strong></span> <span class='ocrx_word' id='word_1_173' title='bbox 676 3599 721 3650; x_wconf 84' lang='lat' dir='ltr'><strong>Bc</strong></span> <span class='ocrx_word' id='word_1_174' title='bbox 826 3603 874 3648; x_wconf 87' lang='grc'><strong>258</strong></span> <span class='ocrx_word' id='word_1_175' title='bbox 902 3612 1025 3650; x_wconf 73' lang='lat' dir='ltr'><strong>inuuunni</strong></span> <span class='ocrx_word' id='word_1_176' title='bbox 1043 3599 1064 3648; x_wconf 99' lang='lat' dir='ltr'><em>A</em></span> <span class='ocrx_word' id='word_1_177' title='bbox 1082 3600 1154 3664; x_wconf 84' lang='lat' dir='ltr'><strong>plum</strong></span> <span class='ocrx_word' id='word_1_178' title='bbox 1174 3601 1219 3651; x_wconf 89' lang='lat' dir='ltr'><strong>BC</strong></span> 
     </span>
     <span class='ocr_line' id='line_1_32' title="bbox 306 3678 1335 3736; baseline 0.001 -3"><span class='ocrx_word' id='word_1_179' title='bbox 306 3689 352 3733; x_wconf 78' lang='grc'><strong>266</strong></span> <span class='ocrx_word' id='word_1_180' title='bbox 374 3698 448 3735; x_wconf 83' lang='lat' dir='ltr'><strong>uuam</strong></span> <span class='ocrx_word' id='word_1_181' title='bbox 466 3686 486 3733; x_wconf 92' lang='lat' dir='ltr'><em>A</em></span> <span class='ocrx_word' id='word_1_182' title='bbox 505 3685 575 3734; x_wconf 80' lang='lat' dir='ltr'><strong>solue</strong></span> <span class='ocrx_word' id='word_1_183' title='bbox 679 3678 983 3735; x_wconf 74' lang='lat' dir='ltr'><strong>1nn1runsnA1nd1tuit</strong></span> <span class='ocrx_word' id='word_1_184' title='bbox 1006 3685 1052 3736; x_wconf 83' lang='lat' dir='ltr'><strong>BC</strong></span> <span class='ocrx_word' id='word_1_185' title='bbox 1189 3690 1238 3734; x_wconf 89' lang='grc'><strong>262</strong></span> <span class='ocrx_word' id='word_1_186' title='bbox 1263 3700 1335 3735; x_wconf 84' lang='lat' dir='ltr'><strong>smn-</strong></span> 
     </span>
    </p>

    <p class='ocr_par' dir='ltr' id='par_1_14' title="bbox 212 3761 1334 4006">
     <span class='ocr_line' id='line_1_33' title="bbox 212 3761 1334 3822; baseline 0.001 -3"><span class='ocrx_word' id='word_1_187' title='bbox 212 3783 213 3788; x_wconf 70' lang='grc'>’</span> <span class='ocrx_word' id='word_1_188' title='bbox 305 3784 444 3822; x_wconf 71' lang='lat' dir='ltr'><strong>nannonuc</strong></span> <span class='ocrx_word' id='word_1_189' title='bbox 461 3770 482 3819; x_wconf 99' lang='lat' dir='ltr'><em>A</em></span> <span class='ocrx_word' id='word_1_190' title='bbox 501 3772 554 3821; x_wconf 90' lang='lat' dir='ltr'><strong>huo</strong></span> <span class='ocrx_word' id='word_1_191' title='bbox 573 3784 631 3821; x_wconf 77' lang='lat' dir='ltr'><strong>sine</strong></span> <span class='ocrx_word' id='word_1_192' title='bbox 651 3771 751 3821; x_wconf 89' lang='lat' dir='ltr'><strong>damno</strong></span> <span class='ocrx_word' id='word_1_193' title='bbox 771 3761 816 3821; x_wconf 79' lang='lat' dir='ltr'><strong>BC</strong></span> <span class='ocrx_word' id='word_1_194' title='bbox 894 3770 1083 3821; x_wconf 77' lang='lat' dir='ltr'><strong>diuortiturB</strong></span> <span class='ocrx_word' id='word_1_195' title='bbox 1165 3774 1212 3819; x_wconf 84' lang='grc'><strong>263</strong></span> <span class='ocrx_word' id='word_1_196' title='bbox 1233 3782 1334 3821; x_wconf 72' lang='lat' dir='ltr'><strong>numni</strong></span> 
     </span>
     <span class='ocr_line' id='line_1_34' title="bbox 306 3852 1334 3908; baseline 0.002 -4"><span class='ocrx_word' id='word_1_197' title='bbox 306 3856 412 3905; x_wconf 82' lang='lat' dir='ltr'><strong>Amiin</strong></span> <span class='ocrx_word' id='word_1_198' title='bbox 431 3857 484 3906; x_wconf 88' lang='lat' dir='ltr'><strong>huo</strong></span> <span class='ocrx_word' id='word_1_199' title='bbox 503 3857 548 3908; x_wconf 82' lang='lat' dir='ltr'><strong>BG</strong></span> <span class='ocrx_word' id='word_1_200' title='bbox 624 3861 672 3906; x_wconf 88' lang='grc'><strong>265</strong></span> <span class='ocrx_word' id='word_1_201' title='bbox 692 3856 754 3906; x_wconf 92' lang='lat' dir='ltr'><strong>duis</strong></span> <span class='ocrx_word' id='word_1_202' title='bbox 774 3857 929 3906; x_wconf 81' lang='lat' dir='ltr'><strong>Beroaldus:</strong></span> <span class='ocrx_word' id='word_1_203' title='bbox 952 3853 1011 3906; x_wconf 77' lang='lat' dir='ltr'><strong>dies</strong></span> <span class='ocrx_word' id='word_1_204' title='bbox 1025 3857 1065 3906; x_wconf 84' lang='lat' dir='ltr'><strong>vel</strong></span> <span class='ocrx_word' id='word_1_205' title='bbox 1083 3852 1138 3906; x_wconf 83' lang='lat' dir='ltr'><strong>dns</strong></span> <span class='ocrx_word' id='word_1_206' title='bbox 1211 3861 1259 3905; x_wconf 78' lang='grc'><strong>267</strong></span> <span class='ocrx_word' id='word_1_207' title='bbox 1279 3870 1334 3906; x_wconf 80' lang='lat' dir='ltr'><strong>rra-</strong></span> 
     </span>
     <span class='ocr_line' id='line_1_35' title="bbox 306 3937 1334 4006; baseline 0.003 -16"><span class='ocrx_word' id='word_1_208' title='bbox 306 3937 406 3991; x_wconf 79' lang='lat' dir='ltr'><strong>onndrs</strong></span> <span class='ocrx_word' id='word_1_209' title='bbox 422 3942 467 3993; x_wconf 84' lang='lat' dir='ltr'><strong>Bc</strong></span> <span class='ocrx_word' id='word_1_210' title='bbox 557 3943 653 4006; x_wconf 85' lang='lat' dir='ltr'><strong>perciti</strong></span> <span class='ocrx_word' id='word_1_211' title='bbox 673 3943 776 4005; x_wconf 79' lang='lat' dir='ltr'><strong>lipsius</strong></span> <span class='ocrx_word' id='word_1_212' title='bbox 893 3945 941 3990; x_wconf 87' lang='grc'><strong>268</strong></span> <span class='ocrx_word' id='word_1_213' title='bbox 965 3941 1073 3992; x_wconf 87' lang='lat' dir='ltr'><strong>habebo</strong></span> <span class='ocrx_word' id='word_1_214' title='bbox 1100 3942 1224 4004; x_wconf 68' lang='lat' dir='ltr'><strong>Pylades:</strong></span> <span class='ocrx_word' id='word_1_215' title='bbox 1246 3942 1334 3993; x_wconf 83' lang='lat' dir='ltr'><strong>habeo</strong></span> 
     </span>
    </p>

    <p class='ocr_par' dir='ltr' id='par_1_15' title="bbox 375 4026 963 4090">
     <span class='ocr_line' id='line_1_36' title="bbox 375 4026 963 4090; baseline 0.003 -15"><span class='ocrx_word' id='word_1_216' title='bbox 375 4030 424 4076; x_wconf 82' lang='grc'><strong>269</strong></span> <span class='ocrx_word' id='word_1_217' title='bbox 444 4040 547 4090; x_wconf 80' lang='lat' dir='ltr'><strong>neuego</strong></span> <span class='ocrx_word' id='word_1_218' title='bbox 568 4027 612 4078; x_wconf 89' lang='lat' dir='ltr'><strong>BC</strong></span> <span class='ocrx_word' id='word_1_219' title='bbox 720 4032 768 4076; x_wconf 78' lang='grc'><strong>276</strong></span> <span class='ocrx_word' id='word_1_220' title='bbox 788 4026 899 4076; x_wconf 77' lang='lat' dir='ltr'><strong>iubente</strong></span> <span class='ocrx_word' id='word_1_221' title='bbox 919 4026 963 4077; x_wconf 89' lang='lat' dir='ltr'><strong>BC</strong></span> 
     </span>
    </p>
   </div>
   <div class='ocr_carea' id='block_1_13' title="bbox 716 4184 921 4191">
    <p class='ocr_par' dir='ltr' id='par_1_16' title="bbox 716 4184 921 4191">
     <span class='ocr_line' id='line_1_37' title="bbox 716 4184 921 4191; baseline -0.01 0"><span class='ocrx_word' id='word_1_222' title='bbox 716 4184 921 4191; x_wconf 72' lang='lat'><strong>,--—-——.-</strong></span> 
     </span>
    </p>
   </div>
   <div class='ocr_carea' id='block_1_14' title="bbox 0 0 1561 4766">
    <p class='ocr_par' dir='ltr' id='par_1_17' title="bbox 0 0 1561 4766">
     <span class='ocr_line' id='line_1_38' title="bbox 0 0 1561 4766; baseline 0 0"><span class='ocrx_word' id='word_1_223' title='bbox 0 0 1561 4766; x_wconf 95' lang='lat' dir='ltr'><strong> </strong></span> 
     </span>
    </p>
   </div>
  </div>
 </body>
</html>
