3102 4766
640 352 704 409 Act.
719 369 743 408 11
761 352 805 410 Sc.
822 356 833 405 1
853 353 888 409 V.
905 357 987 407 1-12
1075 412 1076 416 η

298 1320 577 1381 MENAEOHMUS
607 1319 882 1382 ADULESCENS.
941 1321 1140 1384 MESSENIO
1168 1323 1327 1383 SERVUS.

739 1433 880 1494 TAOITI

703 1611 919 1665 Mauaaoamus

248 1717 286 1759 22⁴
300 1707 447 1783 Voluptas
470 1709 555 1768 nulla
577 1711 622 1768 est
644 1709 762 1783 navitis,
785 1709 943 1784 Messenio,

300 1819 396 1879 Maior
418 1838 483 1880 meo
507 1819 613 1895 animo,
640 1838 729 1894 quam
753 1821 872 1894 quando
897 1840 933 1881 ex
957 1822 1017 1881 alto
1040 1822 1147 1897 procul

300 1931 425 1991 Terram
448 1931 644 2008 conspiciunt.

735 2040 892 2093 Massauro

660 2137 765 2211 Maior,
789 2156 850 2197 non
874 2137 970 2197 dicam
993 2138 1096 2212 dolos
1183 2171 1207 2206 -,

247 2259 286 2301 22⁷
301 2246 412 2328 [quam]
436 2248 467 2308 si
490 2248 652 2309 adveniens
675 2252 786 2308 terram
808 2248 912 2309 videas
937 2266 1013 2324 quae
1035 2250 1125 2309 fuerit
1146 2253 1207 2308 tua.

253 2340 257 2348 ¹
300 2360 360 2420 Sed
384 2378 505 2435 quaeso,
531 2378 620 2436 quam
642 2362 680 2422 ob
704 2379 766 2420 rem
789 2379 868 2420 nunc
891 2360 1091 2438 Epidamnum
1113 2360 1270 2421 venimusl

299 2473 351 2530 An
374 2473 460 2546 quasi
482 2489 563 2532 mare
587 2473 681 2532 omnis
704 2473 892 2534 circumimus
914 2471 1050 2532 insulasl

711 2591 917 2642 MENAEOHMUS

247 2696 288 2738 2³0
300 2687 438 2746 Fratrem
462 2687 628 2762 quaesitum
650 2687 798 2762 geminum
820 2705 992 2763 germanum
1018 2705 1123 2746 meum.

735 2797 892 2848 Massaruo

299 2892 377 2951 Nam
401 2891 475 2966 quid
497 2892 577 2951 modi
599 2891 731 2952 futurum
754 2896 799 2952 est
819 2893 904 2952 illum
928 2891 1095 2968 quaereret

300 3003 357 3063 Hic
381 3021 476 3063 annus
499 3007 600 3063 sextus
623 3007 676 3079 est,
700 3008 860 3081 postquam
883 3005 911 3064 ei
932 3004 977 3063 rei
999 3022 1121 3080 oporam
1145 3004 1258 3064 damus.

300 3115 428 3188 Histros,
452 3115 613 3191 Hispanos,
637 3116 841 3191 Massiliensis,
865 3116 1009 3190 Hilurios,

300 3227 383 3286 Mare
407 3243 547 3302 superum
569 3245 656 3287 omne
680 3227 898 3303 Graeciamque
921 3227 1068 3287 exoticam

247 3357 287 3400 aas
302 3335 439 3412 Orasque
461 3338 583 3398 Italicas
606 3339 711 3413 omnis,
736 3357 796 3415 qua
820 3339 994 3415 adgreditur
1015 3357 1106 3414 mare,

369 3632 417 3678 224
438 3630 559 3680 Placidus
578 3631 728 3682 Laclantius
746 3632 773 3679 iu
787 3631 890 3692 Popiuii
903 3629 979 3679 Statii
996 3630 1133 3679 Thebaidos
1146 3633 1171 3687 2,
1188 3631 1235 3677 lul
1250 3622 1330 3693 ‘pro-

300 3718 404 3781 spectet
422 3716 539 3765 amicam
552 3716 652 3782 Puppis
671 3718 800 3766 humum:
822 3714 968 3766 suffecerat
986 3715 1127 3765 addidisse
1145 3716 1260 3765 humum
1279 3715 1331 3763 nisi

300 3803 423 3864 iungeret
450 3801 575 3851 amicam.
596 3804 628 3852 ut
653 3802 691 3851 Pl.
723 3803 750 3850 in
774 3803 843 3851 Men.
864 3797 997 3862 '‘octuplos
1021 3802 1093 3851 uallo
1114 3805 1151 3851 est
1250 3813 1332 3864 quam

300 3889 403 3948 quaudo
427 3899 459 3935 ex
483 3886 538 3937 alto
563 3887 659 3951 procul
685 3887 795 3937 Terram
812 3888 983 3949 prospiciunt.
1004 3887 1092 3936 maior
1110 3892 1147 3936 cst
1165 3900 1220 3936 non
1240 3887 1330 3936 dicam

301 3973 366 4022 dolo
388 3973 471 4034 Qum
489 3974 511 4021 ss'
529 3972 676 4022 adveniens
696 3974 795 4022 terram
815 3973 957 4034 cousps'cs'as
976 3987 1045 4037 quae
1064 3973 1146 4023 luerit
1164 3967 1244 4023 tua”.'

300 4070 557 4107 vorurrssruarsssr
575 4057 594 4106 A
614 4053 712 4108 nullast
730 4054 858 4123 uoluptas
869 4058 914 4109 BC
1015 4063 1064 4108 225
1084 4059 1203 4123 quaudo]
1226 4072 1290 4121 qum
1313 4056 1332 4108 C

298 4141 406 4205 qrimB
494 4147 541 4192 227
562 4144 589 4192 Si
608 4143 752 4194 Acidalius:
780 4145 865 4203 Quam
886 4140 906 4194 si
998 4148 1046 4194 228
1068 4158 1094 4193 rn
1114 4145 1291 4208 epidamnum
1314 4143 1332 4191 B

369 4232 418 4278 232
434 4230 457 4278 ei
472 4230 510 4278 rei
527 4229 669 4279 Gruterus:
685 4243 724 4279 rre
737 4231 764 4279 hr
