3102 4766
579 319 646 376 Act.
661 336 673 375 1
691 321 736 377 Sc.
750 325 766 375 4
785 322 821 378 V.
836 323 903 373 2-7
1216 325 1255 386 21

670 493 813 548 Enosmu

349 589 409 649 Abi
425 594 516 666 atque
532 590 688 650 obsonium
704 591 804 651 adfer:
829 591 924 652 tribus
939 590 1009 652 vids
1026 593 1107 667 quod
1123 593 1161 652 sit
1176 593 1256 668 satis,

227 702 334 776 Neque
358 701 447 762 defiat
468 720 568 778 nsque
591 703 729 778 supersit.

649 810 829 866 caumana
921 831 923 836 ·

725 909 816 971 Cuius
839 909 920 970 modi
941 909 973 969 hi
995 909 1129 970 homines
1149 909 1258 970 erunt?

672 1018 816 1071 Enosmu

175 1125 213 1166 ²20
227 1114 291 1190 Ego
316 1118 345 1174 st
366 1114 578 1175 Menaechmus
601 1119 631 1175 st
652 1115 803 1192 parasitus
826 1115 898 1177 sius.

653 1222 834 1278 Ossmnaus

893 1323 957 1381 Iam
978 1322 1028 1382 isti
1050 1324 1119 1380 sunt
1142 1321 1254 1380 decem.

225 1431 302 1491 Nam
324 1432 475 1507 parasitus
498 1435 566 1492 octo
589 1432 741 1494 hominum
763 1450 870 1493 munus
892 1432 982 1494 facile
1005 1433 1146 1510 fungitur.

665 1540 809 1595 ansmss

171 1647 212 1690 aas
225 1636 355 1697 Elocuta
377 1654 442 1698 sum
465 1639 623 1700 convivas:
649 1642 781 1698 cetorum
804 1657 885 1700 eura.

656 1745 828 1800 Cumanas

886 1845 980 1905 Licet.

226 1953 318 2014 sonsa
341 1959 424 2015 sunt:
449 1955 519 2016 iube
541 1956 585 2016 iro
608 1956 786 2017 accubitum.

668 2065 811 2117 answu

793 2163 870 2222 Redi
892 2163 960 2222 cito.

657 2269 828 2332 calmas

952 2370 1016 2428 Iam
1039 2387 1095 2446 ego
1118 2368 1167 2429 his
1190 2386 1252 2429 ero,

305 2624 354 2669 2⁴9
374 2621 401 2670 hs
420 2617 546 2672 hommes
562 2624 583 2672 Β
600 2636 669 2682 corr,
690 2619 826 2675 hlomsnes
840 2626 862 2675 Β
877 2639 920 2688 pr,
945 2626 964 2677 C
1068 2629 1112 2674 22⁴
1137 2637 1253 2674 ocsoso-

223 2707 397 2756 sannaus-A
450 2708 584 2772 Namusa.
601 2711 683 2769 sam
699 2703 885 2762 ‘accusativus
904 2713 1009 2777 positus
1022 2725 1072 2777 pro
1091 2711 1253 2761 ablativo..

225 2791 262 2840 Pl.
284 2793 448 2843 Meneehmis
467 2791 547 2844 “nam
562 2833 568 2846 .
584 2831 590 2843 .
608 2832 614 2844 .
629 2792 784 2858 fungituff’?
837 2800 899 2848 octo
919 2811 1018 2847 munus
1037 2799 1179 2847 hominum
1194 2797 1254 2846 Mu-

223 2883 296 2928 retus
409 2883 458 2929 222
477 2893 544 2930 cura
562 2881 627 2930 hcet
645 2882 666 2930 Β
683 2896 751 2942 corr,
777 2884 909 2933 curatscet
928 2884 949 2932 Β
958 2896 1002 2945 pr,
1020 2881 1039 2932 C
1057 2882 1253 2933 cusamucssA

224 2976 298 3013 cura.
315 2976 354 3014 cs.
370 2966 445 3015 Ilicet
458 2968 629 3017 Buechelarus
