3102 4766
328 321 371 379 IV
699 331 701 336 ·
773 313 915 370 Praefatio

585 383 588 390 ¹
642 381 648 408 l

330 513 425 574 quam
441 493 577 554 maxime
602 489 781 554 studiosus:
809 511 904 572 qnam
921 499 1110 554 consecutus
1127 491 1221 553 etiam
1236 489 1269 550 in
1285 511 1361 572 per-

329 614 478 658 sonarum
491 595 575 656 notis
587 596 728 676 Ussingii
740 596 922 676 exemplum
936 595 1077 657 imitatus
1093 614 1163 657 sum
1176 594 1219 656 ita
1231 602 1359 675 atquae

328 699 462 760 omissae
479 706 534 759 aut
549 718 647 779 prave
663 699 800 779 scriptae
817 708 925 762 essent
939 701 972 760 in
989 698 1081 760 libris
1096 696 1139 779 (h.
1154 718 1182 760 e.
1197 697 1230 758 in
1246 700 1360 761 Vetere

329 800 451 882 Codice)
468 801 594 864 diverso
612 801 787 882 scripturae
804 803 895 865 modo
913 804 1088 884 signarem,
1113 820 1184 873 raro
1209 800 1304 864 simul
1327 801 1360 862 in

328 907 530 969 adnotatione
552 913 700 967 testatus:
726 907 839 987 inquo
862 926 978 988 genere
993 923 1106 966 vereor
1128 923 1167 964 ne
1190 903 1360 985 aliquoties

327 1010 543 1092 peccaverim
573 1002 613 1072 ex
635 1009 799 1071 Ritsohelii
822 1009 952 1091 quidem
975 1007 1177 1073 adnotatione
1200 1027 1360 1069 nonnum-

329 1134 423 1195 quam
447 1134 496 1175 me
519 1131 582 1173 non
606 1114 683 1175 satis
706 1121 790 1174 certo
816 1114 983 1195 expedivi:
1016 1115 1073 1177 sed
1096 1124 1202 1177 tamen
1224 1113 1277 1175 vel
1302 1110 1356 1193 ita,

328 1217 479 1299 quoniam
496 1216 535 1279 de
552 1199 760 1296 personarum
776 1215 1002 1280 distributione
1018 1219 1051 1278 in
1066 1220 1124 1281 hac
1143 1216 1251 1280 fabula
1266 1235 1361 1297 prae-

328 1329 376 1383 ter
398 1339 516 1400 paucos
539 1320 624 1382 locos
645 1339 747 1402 paene
764 1320 851 1383 nulla
868 1319 1040 1383 difficultas
1055 1331 1104 1384 est
1119 1330 1174 1384 aut
1189 1317 1357 1398 dubitatio,

327 1425 386 1486 hoc
399 1424 476 1486 satis
489 1432 557 1488 erat
568 1423 608 1486 ad
620 1442 707 1485 meas
721 1424 872 1504 rationes,
889 1424 1051 1486 admoneri
1067 1425 1225 1506 legentem
1241 1419 1361 1503 siquid

327 1528 463 1590 inlibris
474 1547 566 1590 secus
579 1515 761 1590 haberetur.
778 1528 1059 1590 Grammaticorum
1072 1527 1263 1606 testimonia,
1279 1545 1361 1606 quo-

327 1651 399 1694 rum
415 1632 448 1692 in
465 1632 523 1693 hac
540 1630 648 1694 sabula
664 1630 862 1694 emendanda
878 1650 941 1692 non
956 1651 1027 1694 raro
1048 1632 1204 1712 insignior
1226 1637 1275 1692 est
1296 1629 1361 1690 uti-

327 1736 411 1818 litas,
431 1735 608 1816 perscripta
624 1732 709 1796 dedi.
737 1733 985 1798 Emendationes
1001 1737 1033 1796 in
1050 1732 1252 1797 adnotatione
1267 1733 1360 1815 posui
1375 1729 1382 1736 ’

329 1840 395 1902 iere
419 1858 473 1901 eas
494 1856 574 1920 quas
593 1856 686 1900 veras
707 1837 760 1899 vel
782 1838 966 1919 probabiles
985 1839 1151 1919 haberem,
1176 1837 1357 1916 nonnullae,

328 1963 419 2024 quae,
439 1943 498 2005 etsi
516 1961 610 2004 verae
626 1960 689 2003 non
706 1949 828 2020 essent,
852 1950 959 2003 tamen
975 1951 1060 2004 certa
1075 1943 1196 2004 ratione
1213 1938 1361 2002 conside-

328 2042 444 2107 randas
466 2055 629 2126 putarem,
655 2044 762 2107 addito
781 2045 833 2106 hic
854 2045 920 2108 illic
942 2054 1127 2127 argumento
1143 2045 1196 2107 vel
1214 2043 1360 2123 exemplo

328 2147 368 2210 ad
391 2147 638 2210 confirmandam
659 2157 714 2211 aut
735 2149 994 2232 redarguendam
1013 2150 1203 2230 scripturam
1219 2156 1360 2210 veterem

327 2250 379 2312 vel
402 2270 506 2333 nuper
528 2260 700 2333 repertam.
737 2252 941 2315 coniecturas
963 2252 1079 2314 multas
1096 2253 1201 2314 sciens
1216 2258 1361 2332 praeter-

328 2354 411 2434 misi,
427 2355 503 2436 quia
518 2355 648 2418 inutiles
665 2364 720 2418 aut
731 2356 826 2418 nimis
842 2375 912 2418 esse
926 2356 1064 2418 incertae
1076 2355 1154 2416 mihi
1166 2355 1254 2418 visae
1267 2360 1357 2415 sunt:

328 2457 450 2538 siquid
473 2467 579 2521 tamen
596 2460 676 2521 forte
699 2458 933 2540 imprudentem
958 2459 1076 2540 fugerit
1100 2458 1186 2540 quod
1205 2456 1305 2539 probe
1324 2475 1361 2517 ac

326 2579 403 2622 vere
418 2564 631 2643 excogitatum
644 2564 695 2642 sit,
711 2583 804 2645 spero
812 2563 940 2625 veniam
955 2571 1101 2644 paratum
1116 2562 1167 2642 iri,
1183 2580 1254 2624 cum
1266 2579 1362 2641 prae-

328 2665 438 2726 sertim
454 2684 517 2726 non
533 2666 592 2727 hoc
607 2665 726 2748 egerim
742 2675 778 2729 ut
793 2668 891 2728 crisin
907 2667 1084 2728 Plautinam
1108 2685 1178 2727 mea
1196 2672 1287 2746 parte
1303 2661 1361 2724 ad-

327 2769 470 2830 iuvarem
486 2769 542 2832 sed
558 2778 594 2832 ut
609 2789 752 2832 meorum
767 2768 998 2850 discipulorum
1014 2766 1200 2847 commodis,
1220 2776 1255 2827 ut
1270 2764 1362 2826 licuit

327 2871 377 2933 his
399 2880 578 2953 temporum
601 2872 774 2954 angustiiS,
808 2873 1043 2953 prospicerem,
1072 2889 1179 2952 neque
1202 2871 1260 2932 hoc
1282 2866 1361 2930 meis

327 2975 455 3037 omnino
471 2976 651 3039 rationibus
666 2977 785 3038 factum
802 2976 842 3038 sit
859 2985 894 3036 ut
909 2977 942 3037 in
957 2975 1099 3057 plurium
1116 2993 1211 3056 quam
1233 2972 1361 3034 illorum

326 3098 441 3141 manus
456 3079 535 3142 haec
547 3080 694 3161 exempla
706 3081 771 3142 sint
785 3088 990 3161 perventura.
1014 3076 1074 3141 Ad.
1084 3072 1362 3158 Kiesslingiidna·

326 3182 408 3244 lecta
430 3183 545 3262 altera,
574 3184 692 3265 quibus
715 3183 743 3245 is
764 3183 861 3244 huius
884 3182 1011 3245 labulae
1033 3201 1105 3244 oum
1129 3181 1191 3242 alia
1208 3177 1361 3242 nonnulla

327 3284 406 3346 scita
419 3284 680 3366 interpretatione
693 3285 928 3367 dilucidaverit,
944 3294 1012 3348 tum
1023 3302 1177 3347 versuum
1190 3283 1332 3344 tot-el
1341 3276 1367 3342 8'

326 3387 439 3450 turbas
465 3407 530 3450 non
554 3391 641 3472 quod
668 3411 725 3472 ego
752 3388 904 3471 putabam
930 3387 1166 3469 transponendo
1195 3386 1253 3450 sed
1279 3385 1361 3449 reci-

326 3490 430 3555 dendo
447 3511 517 3555 esse
534 3493 769 3575 componendas
789 3493 985 3575 persuadere
1006 3492 1127 3573 studet,
1153 3511 1223 3553 sero
1246 3489 1286 3553 ad
1311 3509 1360 3550 me

295 3667 299 3675 .
326 3595 419 3657 allata
443 3604 534 3658 sunt:
562 3596 648 3678 quod
670 3618 766 3679 quam
787 3617 879 3679 aegre
904 3595 1047 3676 tulerim,
1073 3596 1143 3677 ipse
1164 3614 1227 3656 non
1244 3593 1358 3656 nescit.

325 3701 370 3760 De
395 3700 623 3781 compositione
644 3700 771 3763 iabulae
794 3700 969 3781 compluria
991 3696 1203 3780 expendenda
1218 3703 1357 3758 restant:

326 3800 365 3863 de
395 3822 459 3883 qua
486 3822 520 3864 re
549 3803 682 3866 fortasse
714 3824 804 3886 agam
839 3804 918 3866 alias
948 3822 1020 3865 cum
1049 3801 1230 3877 videbitur;
1264 3817 1359 3880 quam

326 3923 429 3986 nuper
451 3907 647 3986 propositam
670 3906 738 3968 vidi
768 3908 976 3987 sententiam,
1007 3907 1123 3968 bonam
1149 3911 1273 3984 partem
1296 3903 1361 3964 lle-

327 4010 549 4071 naechmorum
569 4009 806 4092 interpolationi
832 4019 887 4073 aut
904 4009 1121 4073 retractationi
1144 4005 1253 4070 deberi
1264 4054 1271 4086 ,
1291 4005 1360 4092 ⁸iam

327 4131 413 4174 nunc
428 4114 579 4196 profiteor
594 4115 671 4177 mihi
687 4134 751 4176 non
766 4114 909 4195 probari.

414 4252 481 4312 Scr.
501 4251 639 4313 Berolini
656 4272 697 4314 m.
715 4252 882 4315 Decembri
898 4271 1090 4313 unoecmxxr.
