3102 4766
631 298 737 355 Actu
754 298 800 354 Sc.
816 301 830 350 2
849 299 885 355 V.
902 301 1002 352 12-23

740 475 896 526 Mumnum

301 565 486 628 Peniculum
510 587 611 629 eccum
634 571 665 628 in
687 570 789 629 vidulo
814 571 928 629 salvom
950 569 1023 629 fero.

735 695 906 748 Omiunnus

249 806 287 848 me
301 791 503 866 Menaeehme‚
528 810 650 866 numero
673 792 733 852 huc
756 793 880 852 advenis
903 793 942 852 ud
965 792 1139 869 prandium:

301 904 389 962 Nunc
412 907 560 978 opsonatu
582 903 683 963 redeo.

719 1011 923 1064 manicemus

686 1111 846 1186 Responde
869 1109 949 1184 mihi,

301 1218 505 1279 Adulescens:
532 1221 639 1296 quibus
662 1220 711 1282 hio
735 1223 838 1298 pretiis
861 1223 946 1299 porei
968 1225 1098 1281 veneunt

249 1347 287 1391 nes
302 1330 408 1390 Sacros
432 1331 561 1392 sincerii

735 1441 906 1494 Oueiuneus

564 1539 707 1598 Nummis.

719 1649 924 1701 Meumcuuue

712 1749 871 1805 Nummum
894 1765 912 1805 a
935 1765 980 1806 me
1004 1745 1120 1820 accipe:

301 1855 375 1913 Iube
398 1859 427 1914 te
449 1856 527 1931 piari
551 1855 587 1915 de
611 1874 676 1915 mee
698 1857 834 1933 peeunia.

250 1967 378 2024 nooNam
402 1967 539 2041 equidem
562 1968 698 2026 insanum
721 1985 786 2027 esse
809 1971 837 2027 te
861 1973 942 2028 certo
966 1970 1037 2042 scio,

302 2077 360 2149 Qui
383 2076 454 2136 mihi
477 2079 618 2138 molestus
641 2078 754 2137 homini
775 2079 887 2154 ignoto,
913 2081 1048 2156 quisquis
1072 2097 1112 2139 es.

731 2185 908 2241 Oumuneus

303 2281 464 2358 Cylindrus
488 2302 543 2360 ego
567 2302 646 2343 sum:
672 2302 732 2343 non
754 2284 833 2343 nosti
855 2303 963 2344 nomen
986 2283 1104 2344 meumi

711 2393 926 2448 Muuaucumus

303 2488 361 2548 Seu
384 2491 416 2547 tu
440 2489 600 2565 Cylindrus
624 2507 676 2549 seu
700 2490 890 2566 Coriendrus,
914 2491 1048 2567 perieris.

302 2600 367 2675 Ego
390 2603 419 2658 te
443 2618 503 2659 non
525 2601 595 2660 novi
618 2619 717 2676 neque
740 2604 858 2662 novisse
882 2603 957 2662 adeo
981 2603 1059 2662 volo.

730 2715 907 2772 Cuuiunuus

253 2827 291 2870 nee
305 2814 359 2872 Est
381 2814 435 2873 tibi
458 2814 651 2874 Menaechmo
675 2832 792 2890 nomen,
815 2819 931 2875 tentum
955 2817 1036 2892 quod
1058 2817 1157 2876 seium.

304 3065 407 3120 saluom
420 3071 492 3121 fero:
511 3085 561 3134 pro
574 3085 623 3133 quo
635 3073 698 3121 duos
711 3073 798 3122 tabuit
811 3073 840 3132 A,
856 3086 965 3134 quornm
975 3077 1051 3135 prior
1062 3074 1101 3122 his
1114 3073 1206 3122 litteris
1219 3085 1275 3121 um·
1288 3099 1293 3110 ·
1308 3098 1313 3109 ·
1326 3099 1332 3110 ·

303 3169 382 3204 sunus
401 3160 563 3208 terminetur.
582 3158 760 3219 supplementa
778 3161 886 3218 incerto,
906 3161 951 3208 sed
969 3163 1077 3221 apparet
1096 3161 1123 3229 in
1144 3159 1216 3206 tibris
1235 3159 1335 3207 Polati-

302 3243 344 3290 πίε
356 3245 568 3302 quomadmodum
581 3257 662 3305 supro
676 3247 706 3292 27
711 3247 724 3292 6
737 3257 753 3294 e
767 3246 893 3308 quisquis
912 3246 946 3293 ud
964 3245 1026 3307 quis
1045 3257 1093 3306 ego
1106 3245 1262 3304 insequentis
1274 3257 1335 3292 oer-

303 3340 348 3375 sus
360 3329 397 3377 sic
409 3342 478 3378 nunc
490 3341 506 3377 a
518 3332 608 3391 priore
620 3330 780 3380 Peniculum
793 3332 827 3380 od
840 3331 952 3380 atterum
964 3331 1101 3379 aberrasse
1113 3330 1249 3379 librarium

338 3415 386 3462 287
408 3414 497 3465 Festus
513 3428 541 3476 p.
559 3419 619 3474 348,
634 3419 647 3463 7
663 3416 698 3465 M.
709 3407 828 3464 ‘sacrem
850 3454 855 3465 .
873 3453 878 3466 .
896 3453 901 3465 .
925 3415 1045 3478 [Plautus
1063 3414 1252 3478 “adussescens
1272 3415 1334 3478 qui-

306 3497 367 3560 [bus
386 3498 431 3546 hic
449 3501 544 3563 pretiis
557 3501 643 3565 porei]
658 3506 769 3550 oencuot
782 3500 884 3564 sa[cres
904 3502 1023 3550 sincerii
1045 3501 1333 3565 nummis.]nummam

307 3582 331 3646 [a
351 3597 393 3633 me
412 3586 514 3649 accipe.
534 3586 599 3636 iube
612 3586 646 3649 te]
665 3588 736 3648 plari
755 3587 863 3636 demea
879 3582 1048 3650 [pecunia]”.’
1121 3590 1203 3651 pretu
1222 3587 1266 3637 BC

303 3671 418 3719 ueniunt
437 3670 482 3721 BG
615 3675 664 3720 288
685 3667 775 3720 Sacris
791 3666 972 3720 lucerinumii
988 3669 1038 3722 ad
1058 3667 1149 3720 Sacmi
1164 3684 1333 3720 incermum-

304 3734 356 3820 m{i
367 3795 372 3807 .
385 3794 390 3807 .
401 3794 424 3806 ..
439 3770 453 3804 a
473 3769 532 3805 cum
547 3757 679 3806 rasuroB
697 3768 960 3806 suuuuuunumccms
974 3757 1005 3816 A,
1024 3758 1092 3806 uode
1105 3757 1255 3806 Ritsctetins
1272 3770 1333 3806 ver-

302 3857 360 3894 sum
378 3844 490 3893 restituit
582 3844 664 3892 Varro
682 3845 712 3892 de
730 3856 759 3892 re
777 3845 875 3893 rustico
894 3846 918 3902 t,
935 3845 959 3901 t,
975 3846 1006 3891 46
1027 3843 1134 3906 ‘(porci)
1150 3857 1165 3892 a
1183 3844 1264 3907 partu
1283 3843 1332 3893 de-

303 3932 375 3980 cimo
394 3930 438 3978 die
456 3927 593 3978 habentur
609 3930 671 3992 puri
691 3931 717 3978 et
736 3927 770 3978 ab
794 3943 825 3979 eo
852 3928 1023 3993 appellantur
1041 3928 1076 3978 ab
1095 3929 1215 3992 antiquis
1234 3941 1330 3988 sacres,

303 4016 378 4079 quod
396 4018 454 4064 tum
483 4015 518 4064 ad
544 4014 710 4064 sacrificium
731 4015 821 4065 idonei
841 4015 970 4064 dicuntur
993 4016 1122 4080 primum.
1145 4016 1237 4078 itaque
1259 4015 1332 4078 apud

302 4102 428 4151 Plautum
447 4102 474 4150 in
494 4101 676 4151 Menaechmis
699 4114 761 4150 eum
787 4102 913 4152 insanum
937 4115 1019 4164 quem
1037 4103 1115 4166 putat
1137 4104 1167 4150 ut
1191 4102 1282 4165 pietur
1306 4103 1333 4149 in

304 4187 405 4252 oppido
420 4187 572 4252 Epidamno
588 4189 734 4250 interrogat
749 4185 861 4249 “quanti
874 4188 919 4236 hic
934 4188 1012 4249 porci
1025 4188 1089 4237 sunt
1101 4181 1242 4236 sacres?”.'
1265 4187 1333 4236 idem
