3102 4766
553 1319 908 1392 PROLOGUS

220 1495 364 1591 Salutem
386 1527 512 1603 primum
534 1525 593 1584 iam
617 1543 635 1584 a
656 1525 804 1602 principio
826 1525 986 1602 propitiam

218 1639 291 1698 Mihi
314 1643 405 1714 atque
427 1638 521 1712 vobis,
545 1640 739 1712 spectatores,
762 1636 877 1696 nuntio.

218 1751 357 1827 Adporto
380 1748 465 1809 vobis
487 1749 636 1823 Plautum,
659 1748 763 1824 lingua
784 1765 845 1807 non
867 1766 969 1807 manu:

165 1837 178 1877 χ
220 1862 338 1935 Quaeso
361 1864 394 1920 ut
415 1860 552 1936 benignis
575 1859 730 1935 accipiatis
752 1859 884 1919 auribus.

193 1975 306 2034 oNuuo
329 1945 535 2048 argumentum
557 1971 684 2047 accipite
707 1973 798 2046 atquc
821 1971 950 2030 animum
973 1971 1137 2031 advortite:

220 2085 316 2157 Quam
338 2088 443 2160 potero
465 2083 496 2142 in
518 2084 612 2143 verba
635 2082 787 2142 conferam
809 2082 999 2157 paucissima.

217 2197 321 2272 Atque
343 2195 401 2255 hoo
424 2197 532 2271 poetae
554 2194 669 2254 faciunt
690 2193 721 2252 in
744 2194 922 2254 comoediis:

219 2305 321 2368 Omnis
344 2324 392 2366 res
415 2310 515 2383 gestas
539 2323 604 2365 esse
625 2304 755 2364 Athenis
778 2308 956 2380 autumant*

219 2419 284 2491 Quo
306 2418 383 2477 illud
405 2417 491 2477 vobis
513 2434 654 2494 gracum
675 2416 815 2475 videatur
836 2416 940 2493 magis.

181 2531 283 2606 roEgo
306 2547 454 2606 nusquam
478 2527 584 2601 dicam,
608 2527 665 2586 nisi
687 2527 739 2587 ubi
760 2527 872 2587 factum
896 2527 1012 2588 dicitur.

218 2641 321 2716 Atque
344 2640 420 2700 adeo
442 2638 501 2698 hoc
524 2642 728 2715 argumentum
751 2638 924 2716 graecissat,
947 2643 1046 2699 tamen

218 2753 287 2812 Non
310 2751 464 2825 atticissat‚
488 2769 592 2810 verum
614 2749 814 2810 sicilicissitat.

218 2863 297 2923 Huic
315 2866 494 2939 ,argumento
518 2862 700 2938 antelogium
722 2861 780 2921 hoc
802 2862 866 2921 fuit:

218 2977 307 3034 Nunc
330 2978 536 3051 argumentum
557 2974 643 3034 vobis
667 2974 839 3033 demensum
862 2973 950 3049 dabo,

181 3103 205 3144 15
218 3087 288 3146 Non
309 3086 410 3146 modio
432 3104 530 3160 neque
553 3085 702 3160 trimodis,
724 3101 828 3144 venum
850 3085 916 3161 ipso
939 3084 1064 3145 horreo:

219 3199 349 3258 Tantum
372 3197 411 3257 ad
433 3197 616 3286 narrandum
639 3200 845 3273 argumentum
868 3197 954 3256 adest
974 3197 1153 3274 benignitas.

218 3310 368 3369 Mercator
392 3309 513 3383 quidam
534 3308 591 3369 fuit
613 3307 771 3384 Syrasusis
794 3324 895 3404 senex).

219 3420 256 3478 Ei
279 3424 348 3480 sunt
369 3420 450 3480 natei
471 3419 525 3479 filii
547 3420 674 3496 geminei
697 3419 766 3492 duo,

218 3533 265 3591 Ita
287 3531 384 3591 forma
405 3530 493 3590 simili
515 3531 628 3607 puerei,
652 3535 685 3590 ut
707 3534 802 3591 mater
826 3507 881 3590 sua

289 3783 303 3828 9
321 3769 403 3829 iobis
421 3779 490 3830 iliud
509 3779 618 3842 Pylades
705 3782 737 3827 η
757 3779 855 3829 Poetae
873 3793 907 3829 aa
925 3780 998 3830 Forte
1013 3793 1041 3842 p.
1062 3783 1094 3830 28
1114 3781 1150 3830 M.
1166 3773 1250 3830 ‘Atti-

219 3867 303 3916 cissat
321 3865 403 3916 attice
422 3865 552 3928 loquitur.
573 3865 684 3916 Plautus
701 3863 773 3914 “non
792 3851 926 3916 atticissat
943 3867 993 3916 sed
1010 3861 1148 3916 ricilirsat’i
1165 3866 1251 3916 idest

219 3951 306 4001 siculo
324 3945 463 4014 loquitur.³
579 3953 609 3999 43
629 3953 690 4001 ante
709 3951 827 4013 elogium
847 3951 992 4021 (clongrum
1012 3952 1042 4015 B)
1061 3950 1106 4002 BC
1166 3951 1251 4002 Aaro-

218 4039 278 4085 m'ua
296 4039 370 4098 optat.
386 4039 417 4085 46
428 4036 514 4099 praes.
528 4028 574 4086 ‘Hi
593 4037 676 4100 igitur
693 4039 725 4087 ut
742 4037 853 4087 Plautus
872 4038 910 4087 ait
928 4037 1038 4087 interim
1056 4039 1137 4087 erunt
1154 4039 1250 4088 catelo·

213 4121 458 4184 ,praetermorem
473 4122 576 4185 garruli
589 4125 617 4172 et
630 4117 807 4187 deceptores?
888 4127 919 4171 tt
929 4124 1015 4174 Tanta
1025 4125 1088 4173 Piae
1165 4128 1196 4173 49
1209 4125 1251 4174 uti

222 4205 391 4258 Camerarius
468 4209 568 4258 Nonius
585 4222 612 4271 p.
627 4211 685 4268 3⁴³,
701 4213 732 4258 28
745 4200 875 4258 ‘matrem
892 4211 998 4260 veteres
1017 4209 1100 4259 etiam
1117 4211 1251 4260 nutricem
