3102 4766
693 276 831 346 Prologus

246 453 324 526 Quia
345 452 430 513 illum
452 453 583 514 elamore
605 452 668 512 vidi
690 452 861 530 flagitarier.

245 567 299 626 Ne·
315 582 384 626 mox
407 565 521 640 erretis,
544 563 604 624 iam
626 582 706 625 nune
727 565 871 640 praediea
893 563 992 641 prius:

204 661 206 666 ⁵
246 677 326 738 ldem
348 680 394 738 est
416 677 561 737 ambobus
583 694 692 736 namen
714 676 838 754 geminis
861 676 1013 737 fratribus,

245 790 333 849 Nune
355 789 387 849 in
409 787 609 865 Epidamnum
631 787 760 864 pedibus
782 787 968 848 redeundum
990 793 1035 848 est
1049 783 1137 864 mihi,

208 913 234 956 se
246 900 287 960 Ut
308 900 387 960 hane
409 917 472 960 rem
493 900 580 960 vobis
603 898 782 960 examussim
805 898 962 976 disputem.

247 1009 369 1088 Siquis
393 1010 466 1086 quid
488 1015 620 1072 vestrum
642 1010 842 1088 Epidamnum
864 1011 964 1072 eurari
986 1011 1043 1072 sibi

245 1123 334 1199 Velit,
358 1124 502 1184 audacter
524 1123 670 1199 imperate
693 1126 723 1183 et
746 1123 852 1183 dieite:

246 1235 307 1297 Sed
328 1235 372 1296 ita
393 1238 427 1295 ut
449 1235 509 1310 det,
532 1235 613 1294 unde
636 1234 736 1295 eurari
757 1233 789 1294 id
810 1234 906 1310 possit
928 1233 993 1294 sibi.

245 1349 323 1408 Nam
345 1346 403 1407 nisi
426 1346 478 1423 qui
501 1343 582 1426 [non]
605 1349 761 1424 argentum
784 1346 901 1405 dederit
922 1363 1018 1423 nugas
1041 1346 1150 1423 egerit:

206 1472 232 1514 us
246 1457 326 1540 [nam
348 1455 416 1538 nisi]
439 1457 497 1530 Qui
520 1456 637 1517 dederit
659 1457 754 1534 magis
776 1457 903 1517 maiores
925 1474 1021 1534 nugas
1044 1459 1147 1536 egerit.

245 1570 356 1630 Verum
378 1570 450 1630 illue
472 1566 574 1643 redeo,
605 1568 685 1629 unde
708 1569 778 1644 abii,
802 1572 893 1644 atque
915 1587 976 1628 une
999 1567 1085 1629 adsto
1107 1569 1139 1630 in
1164 1569 1242 1631 loeo.

245 1680 486 1758 Epidamniensis
508 1679 569 1754 ille,
594 1696 682 1755 quem
705 1679 817 1740 dudum
840 1680 982 1754 dixeram,

246 1793 401 1854 Geminum
423 1793 507 1851 illum
528 1809 655 1868 puerum
678 1790 730 1866 qui
753 1791 906 1867 surrupuit
928 1792 1064 1867 alterum,

246 1903 283 1963 Ei
304 1903 476 1978 liberorum,
500 1902 557 1962 nisi
581 1902 712 1978 divitiae,
735 1901 778 1962 nil
801 1906 880 1963 erat:

207 2028 232 2070 ee
244 1997 381 2090 Adoptat
402 2013 487 2074 illum
508 2031 634 2089 puemm
657 2013 869 2090 surrupticium

245 2126 308 2187 Sibi
330 2125 423 2186 filium
446 2125 534 2200 eique
556 2143 681 2185 uxorem
704 2126 836 2186 dotatam
859 2124 951 2200 dedit,

245 2238 382 2323 Eumque
404 2236 547 2297 heredem
569 2236 641 2297 feeit
663 2255 753 2312 quom
775 2237 841 2313 ipse
863 2236 937 2296 obiit
959 2234 1046 2297 diem.

82 2327 84 2334 Α
178 2380 180 2384 ·
244 2350 322 2409 Nam
344 2366 395 2409 rus
417 2351 451 2407 ut
471 2347 535 2408 ibat
556 2347 644 2423 forte,
667 2351 701 2407 ut
722 2349 847 2408 multum
868 2349 997 2424 pluerat,

244 2462 402 2539 Ingressus
424 2457 708 2549 fluvium-rapidum
731 2459 768 2518 ab
792 2459 867 2518 urbe
889 2457 971 2518 haud
993 2460 1124 2538 longule,

206 2585 231 2626 es
244 2571 379 2648 Rapidus
401 2570 517 2646 rapteri
538 2569 625 2646 pueri
648 2569 790 2630 subduxit
811 2569 905 2646 pedes
1222 2645 1225 2656 Β

175 2682 178 2694 ’
219 2676 463 2759 'Apstraxitque
486 2665 635 2742 hominem
657 2681 689 2741 in
710 2682 868 2742 maximam
890 2682 999 2742 malam
1022 2701 1149 2744 erueem.
1177 2697 1208 2734 »Α
1234 2673 1261 2717 ‘¹‘
1291 2681 1305 2745 ,l

244 2795 293 2856 Illi
316 2793 438 2854 divitiae
461 2797 626 2854 evenerunt
647 2792 802 2853 maximae.

244 2908 275 2966 Is
297 2905 358 2966 illie
381 2905 506 2980 habitat,
530 2904 665 2982 geminus
688 2904 895 2980 surrupticias.

244 3018 332 3078 Nune
355 3017 406 3078 ille
428 3015 573 3094 geminus,
598 3015 649 3092 qui
672 3015 830 3092 Syrasusis
852 3015 952 3092 habet,

206 3143 232 3184 re
245 3127 344 3189 Hodie
366 3128 397 3188 in
420 3127 620 3204 Epidamnum
642 3117 813 3187 venit'eum
836 3144 922 3188 servo
946 3145 1000 3188 suo

245 3240 334 3301 Hune
358 3239 557 3315 quaeritatum
579 3238 728 3316 geminum
750 3257 924 3315 germanum
947 3257 1041 3300 snum.
1088 3255 1090 3257 ·

245 3497 356 3546 Plautus
372 3531 395 3545 ..
415 3494 449 3544 Et
460 3495 627 3545 Meneehmis
645 3492 807 3562 “propterea
878 3490 1015 3546 facilius”.'
1123 3499 1154 3546 5ο
1175 3497 1276 3548 Nauius

243 3595 270 3645 p.
287 3584 312 3641 9,
328 3585 358 3629 45
368 3573 549 3631 ‘examussim
565 3618 571 3630 .
588 3581 719 3632 ‚Plautus
734 3620 740 3632 .
757 3619 763 3632 .
778 3583 854 3632 idem
867 3581 894 3630 in
907 3581 1074 3631 Meneehmis
1086 3578 1158 3632 “ut.
1175 3619 1181 3631 .
1198 3583 1277 3632 ‚dis-

244 3661 377 3732 putem”.'
463 3669 490 3715 54
513 3661 564 3716 irbr
583 3667 650 3717 uelit
661 3668 672 3730 ll
684 3667 856 3718 AudaeterB
949 3669 980 3716 55
1000 3680 1054 3716 non
1072 3669 1176 3718 sudauit
1194 3669 1276 3718 Bera-

245 3753 321 3803 aldus
429 3755 460 3801 55
479 3752 550 3804 Nam
570 3753 623 3802 nisi
641 3755 745 3804 iuduutt
764 3753 873 3816 Pylades
977 3755 1008 3800 62
1028 3765 1111 3816 quem
1129 3753 1273 3803 Acidaliae:

245 3851 328 3901 quam
419 3839 449 3885 63
469 3837 596 3902 pluuerat
614 3852 674 3888 carr
690 3840 828 3889 Vaticanus
915 3838 1066 3890 Consentius
1081 3853 1109 3902 p.
1126 3842 1185 3898 378,
1198 3841 1229 3887 32
1237 3840 1274 3889 -Κ,

240 3913 344 3989 ‘pluit.
361 3924 472 3988 ‚priore
491 3926 617 3988 correpta
635 3926 760 3988 quamvis
774 3925 885 3976 Plautus
903 3925 1064 3988 produxerit
1085 3925 1113 3975 iu
1131 3925 1276 3975 Menaech-

244 4011 296 4060 mis
314 4006 407 4059 “lorte
425 4011 455 4060 ut
474 4008 509 4072 (et
526 4010 638 4072 Monac.)
657 4010 775 4061 multum
791 4004 934 4072 pluerat”.'
1039 4013 1070 4060 65
1089 4010 1173 4074 pedes
1192 4010 1277 4061 Saru-

245 4142 424 4198 csuus:l1del
485 4149 516 4203 69
530 4092 646 4197 habelttalti
662 4147 799 4198 Vaticanus
871 4151 902 4197 70
917 4148 1008 4197 veniet
1020 4147 1161 4210 Gappertus
1229 4144 1277 4198 luo
