3056 4768
329 321 369 385 88
664 319 728 376 Α66.
741 320 821 377 v·So.
835 324 854 374 6
869 323 904 378 V.
915 324 1017 376 22-32

764 492 919 547 Mnssnmo

263 599 313 642 mos
327 590 367 648 Di
388 589 578 664 immortales,
603 606 686 664 spem
707 590 890 666 insperatam
913 591 982 652 dato
1003 593 1076 652 mihi
1099 611 1189 669 qnam
1211 596 1358 672 suspioor.

326 702 404 760 Nam
425 701 483 761 nisi
506 719 551 760 mo
574 701 689 761 animus
711 701 798 776 fallit,
821 702 853 761 hi
875 708 944 763 snnt
966 704 1075 780 gemini
1097 707 1232 781 germani
1254 705 1328 766 dno:

326 813 404 872 Nam
427 818 457 873 66
478 813 605 888 patriam
628 818 658 873 66
679 818 795 889 patrem
817 821 1046 876 commemorant
1071 817 1185 893 paritor
1209 818 1259 892 qni
1285 817 1359 877 fno-

1052 927 1112 988 rint
1134 928 1198 988 sibi.

261 1034 480 1095 1msevooab0
504 1053 595 1095 orum.
619 1070 661 1080 —
683 1034 885 1096 Monaoohmo.

689 1143 878 1198 1166666666
895 1141 985 1197 Anno

888 1241 968 1313 Quin
989 1239 1057 1301 visi

759 1347 914 1403 6666666666

664 1431 668 1460 ¹
1054 1448 1124 1508 Non
1147 1449 1249 1508 ambos
1271 1450 1350 1523 volo,

325 1555 385 1616 Sed
407 1560 474 1616 6666
495 1561 628 1617 vostrum
650 1560 696 1616 666
718 1556 862 1617 61666666
884 1575 998 1618 moonm
1020 1559 1098 1618 navi.

675 1665 890 1720 6666666666
907 1664 993 1719 Enna

1133 1765 1201 1824 Non
1224 1782 1287 1840 ego.

685 1867 988 1925 61666666666866.

258 1978 308 2020 6666
322 1968 365 2027 At
387 1985 451 2044 ogo.

758 2075 914 2130 Mnssnmo

448 2174 493 2233 To
515 2174 586 2234 volo
609 2174 707 2251 igitur.
732 2175 800 2234 Huo
823 2174 962 2234 oonoode.

685 2282 899 2337 Mnnsncnmns
918 2281 987 2338 San.

963 2380 1113 2441 Gonoessi.
1138 2379 1305 2452 66166666

756 2488 912 2542 Mnssnmo

320 2585 388 2645 Illio
410 2585 497 2646 homo
520 2590 572 2647 aut
594 2585 783 2662 sycophanta
805 2590 856 2647 ant
878 2586 1012 2663 geminus
1035 2591 1080 2646 666
1101 2586 1195 2647 frater
1212 2591 1289 2646 6666.

257 2716 308 2759 mio
320 2698 398 2756 Nam
413 2715 468 2774 ogo
483 2696 631 2759 hominem
644 2696 756 2758 homini
771 2697 942 2758 similiorem
957 2716 1119 2773 numquam
1134 2697 1197 2757 vidi
1212 2700 1345 2773 altorum,

321 2805 429 2883 116666
444 2828 525 2885 aqna
540 2827 638 2884 aquae
653 2827 752 2884 nequo
768 2811 846 2870 laoto
862 2813 907 2870 666
926 2811 1006 2884 lacti,
1023 2809 1113 2870 oredo
1128 2809 1209 2884 mihi,
1221 2828 1346 2885 nsquam

937 2921 1070 2996 similius,

313 3031 418 3104 ¹Quam
439 3031 488 3094 hio
510 3033 554 3093 tui
570 3036 616 3092 666
629 3037 722 3107 tuqus
738 3031 826 3092 huius
849 3036 963 3106 autom3
987 3035 1055 3108 post
1077 3031 1202 3092 eandem
1220 3033 1346 3108 patriam

937 3161 973 3204 66
996 3147 1111 3220 patrem

318 3254 472 3314 Memorat.
495 3255 602 3316 Melius
626 3259 671 3317 ost
692 3273 747 3317 nos
769 3255 852 3315 adire
875 3259 965 3331 atque
988 3254 1068 3315 huno
1090 3255 1301 3330 poroontarier.

319 3522 380 3558 meo
399 3509 524 3571 Pylades:
546 3511 605 3561 Tun
624 3524 701 3561 ameo
773 3510 1011 3582 Ι6666666616
1110 3511 1176 3558 6666
1196 3511 1345 3575 6666666611

388 3598 454 3645 6666
474 3597 500 3644 66
519 3596 635 3660 patriam
654 3600 681 3646 66
698 3598 803 3662 patrem
822 3598 937 3659 Lipsius:
959 3599 986 3646 66
1001 3599 1106 3662 patrem
1120 3598 1147 3645 66
1160 3598 1274 3646 matrem

319 3684 385 3729 6667
401 3683 558 3731 vostrorum
569 3682 727 3742 1166666666,
740 3688 818 3742 recto,
832 3684 884 3731 oisi
895 3682 961 3744 sorte
972 3684 1053 3732 666166
1072 3681 1124 3731 Sed
1142 3683 1204 3731 6666
1221 3685 1344 3732 vostrum

318 3768 359 3816 666
374 3765 473 3830 [hodio]
489 3767 620 3817 advectus
636 3781 745 3818 mecum
762 3769 834 3828 navi,
851 3768 990 3818 66166667.
1008 3769 1078 3830 Quae
1090 3772 1229 3830 praetereo
1241 3771 1344 3832 6666696·-

317 3855 372 3901 tata
383 3857 453 3911 suot,
466 3855 543 3904 irsita
554 3855 675 3903 oiiootsor
751 3858 760 3902 6
768 3857 816 3902 666
830 3855 876 3904 aut
891 3852 949 3917 [666]
964 3854 1122 3911 1666666666,
1137 3853 1219 3902 homo
1235 3853 1342 3916 [1666616]

317 3936 427 3988 1666666666
515 3942 524 3986 6
533 3943 576 3987 666
595 3940 746 3988 Priscianus
763 3943 786 3999 6,
798 3953 826 4002 p.
840 3942 898 3999 666,
913 3943 926 3986 'i
942 3940 973 3989 H.
983 3932 1181 4002 ‘antiquissimi
1194 3940 1276 3989 etiam
1294 3941 1344 3989 hoo

317 4021 387 4072 16666
399 4024 546 4089 protulisse
562 4024 740 4075 inveniuntur
751 4027 820 4074 66666
834 4025 920 4090 Capro
935 4050 941 4062 ·
958 4050 964 4063 ·
978 4025 1015 4075 Pl.
1029 4026 1056 4075 in
1070 4025 1137 4073 6166.
1147 4023 1252 4088 “neque
1266 4048 1273 4062 ·
1286 4050 1293 4063 ·
1307 4026 1344 4074 si·

317 4104 444 4160 milius”.’
552 4111 590 4160 De
601 4114 703 4160 mutata
715 4113 902 4160 constructione
914 4111 946 4174 cf.
961 4112 1056 4160 616666
1068 4111 1144 4160 Luor.
1158 4113 1183 4168 6,
1198 4114 1259 4158 6666

317 4196 383 4242 6676
395 4196 457 4258 post
467 4195 581 4244 eandem
590 4194 708 4246 Bottius:
722 4190 815 4261 postea
824 4195 938 4247 eandem
1013 4199 1077 4244 6666
1092 4196 1259 4259 adimatque
1272 4198 1344 4245 huno
