3056 4768
335 328 375 388 64
667 323 732 379 Aet.
745 341 764 378 v
782 324 826 381 Sc.
840 327 855 377 2
871 326 906 381 V.
920 327 1020 378 28-38

283 499 442 559 rroNesoio
467 499 538 574 quid
560 518 614 560 vos
636 499 751 560 velitati
773 499 843 559 estis
865 500 1018 561 intervos
1041 501 1110 561 duo.

333 611 481 685 Loquere,
505 615 571 671 uter
593 612 739 672 meruistis
761 612 893 686 eulpam,
916 610 1030 686 paucis,
1054 629 1115 672 non
1136 613 1242 691 longos
1264 617 1354 692 logos.

769 751 921 806 Memnona

331 884 487 959 Nusquam
515 884 653 959 equidem
681 885 841 959 quiequam
863 883 990 959 deliqui:
1022 883 1079 944 hoo
1101 885 1227 961 primum
1249 891 1278 947 to
1301 888 1354 947 ab·

988 998 1082 1071 solvo,
1105 1000 1200 1072 pater.

331 1107 441 1166 Verum
462 1107 563 1167 vivero
585 1106 634 1167 hio
656 1126 715 1168 non
735 1125 857 1184 possum
879 1125 978 1183 noque
1002 1107 1110 1167 durare
1132 1109 1195 1168 ullo
1218 1109 1320 1169 modo:

279 1224 317 1264 ⁷⁷⁴
331 1218 422 1278 Proin
443 1223 476 1278 tu
498 1236 543 1278 me
566 1217 635 1278 hino
658 1219 800 1280 abduoas.

793 1359 895 1416 Sanan

803 1491 882 1566 Quid
903 1492 981 1552 istnc
1003 1497 1102 1553 autom
1124 1491 1189 1552 esti

678 1677 679 1680 η
767 1635 920 1689 Mnrnonn

1080 1730 1235 1809 Ludibrio,
1258 1736 1351 1808 pater,

278 1849 316 1891 ⁷⁷⁵
329 1845 460 1904 Habeor.

788 1949 890 2006 Snnax

462 2046 569 2108 Unde?

767 2153 918 2208 Memnona

574 2271 624 2329 Ab
646 2270 708 2345 illo,
733 2269 804 2345 quoi
826 2287 871 2330 me
894 2268 1081 2345 mandavisti,
1105 2288 1170 2330 meo
1193 2271 1267 2330 viro.

787 2411 890 2467 Snnnx

275 2561 314 2603 rre
327 2547 407 2606 Eoos
430 2549 527 2604 autem
549 2544 682 2621 litigium.
708 2545 844 2619 quotiens
867 2545 987 2605 tandem
1009 2544 1089 2604 edixi
1110 2544 1172 2620 tibi,

228 2683 230 2690 ¹
327 2658 368 2717 Ut
390 2673 520 2730 caveres,
543 2659 669 2715 neuter
692 2656 731 2715 ad
753 2655 902 2716 meirotis
925 2674 992 2716 oum
1015 2654 1219 2731 querimonia?

762 2797 915 2851 Marmore

327 2932 385 3005 Qui
408 2948 463 3008 ogo
486 2929 571 3005 intuo,
595 2929 634 2989 mi
655 2932 750 3006 pater,
774 2945 881 2988 navers
903 2927 1046 3005 pessumi

787 3070 889 3126 Snunx

1046 3168 1114 3228 Men
1136 3165 1321 3244 interrogasi

276 3297 313 3338 rrs
326 3280 393 3341 Nisi
407 3298 468 3341 non
482 3280 536 3340 vis.
571 3279 714 3354 Quotiens
729 3278 891 3339 monstravi
906 3278 968 3354 ubi,
984 3279 1050 3339 viro
1072 3283 1230 3366 utmorem
1251 3295 1347 3356 goras,

327 3391 406 3466 Quid
420 3392 471 3452 ille
487 3391 586 3466 faeiat,
609 3409 647 3451 ne
665 3390 700 3451 id
721 3391 871 3467 observes,
897 3407 956 3465 quo
972 3393 1029 3465 eat,
1055 3390 1126 3466 quid
1141 3407 1240 3450 rerum
1254 3393 1346 3467 gerat.

396 3685 444 3731 770
466 3681 565 3731 Nonius
579 3693 607 3741 p.
627 3683 651 3740 3,
671 3673 838 3746 51‘velitatio
857 3681 959 3731 dicitur
976 3680 1044 3731 levis
1062 3680 1200 3731 contentio
1219 3718 1225 3729 .
1245 3718 1250 3730 .
1269 3680 1348 3729 Plau-

326 3770 370 3817 tus
390 3805 396 3817 .
416 3806 421 3816 .
440 3767 514 3817 idem
532 3766 599 3815 Men.
618 3763 731 3817 “nescio
750 3767 817 3829 quid
839 3780 885 3816 vos
901 3767 1001 3816 velitati
1019 3766 1084 3815 estis
1102 3766 1238 3816 intervos
1257 3759 1344 3816 duo’‘.'

327 3853 424 3902 Paulus
434 3866 468 3902 een
476 3852 548 3901 Festo
554 3864 581 3912 p.
590 3854 649 3910 ³69,
659 3853 672 3898 7
682 3852 716 3900 Μ.
726 3843 859 3901 ‘volitatio
874 3851 947 3901 diota
960 3853 1001 3902 est
1012 3851 1084 3902 ultro
1097 3852 1220 3915 citroque
1232 3851 1348 3917 probro·

325 3951 387 3987 rum
407 3936 553 3988 obiectatio
573 3975 578 3986 .
598 3975 603 3986 .
622 3937 734 3986 Plautus
752 3936 865 3987 “nescio
885 3937 952 3999 quid
969 3938 1067 3987 velitati
1084 3937 1151 3987 estis
1170 3938 1240 3986 inter
1256 3930 1344 3987 vos”.’

394 4018 446 4073 uos
460 4022 554 4086 uoluatr
569 4018 654 4072 Buoi
673 4021 791 4073 uelatrc
878 4017 947 4072 duos
957 4022 1043 4074 Plauti
1061 4023 1119 4071 libra·
1207 4024 1251 4070 777
1268 4034 1348 4087 pauor

327 4106 380 4167 BC,
400 4110 460 4159 olim
477 4113 621 4160 correction
713 4105 788 4172 logos
804 4109 864 4158 olim
881 4114 1037 4159 correctam:
1059 4103 1135 4158 locos
1231 4111 1278 4156 772
1298 4106 1348 4156 ab·

327 4187 400 4243 solue
418 4194 440 4242 Β
569 4197 617 4242 773
636 4195 681 4243 hro
698 4206 794 4244 uiuere
813 4194 834 4243 B
852 4194 922 4243 solas
1061 4196 1109 4243 778
1128 4205 1177 4256 ego
1195 4206 1236 4242 om
1251 4193 1270 4243 C
1280 4194 1349 4242 solua
