3102 4766
534 312 600 370 Aet.
614 329 639 368 11
656 311 701 368 So.
715 315 731 366 3
750 314 786 369 V.
801 314 902 367 32-44
1187 316 1227 380 33

610 485 825 539 Mnuauonnus

149 590 187 632 ³⁷⁷
201 584 285 642 Haeo
302 581 422 657 quidem
437 581 545 658 edepol
563 586 644 643 reete
667 583 801 658 appellat
822 600 887 642 meo
912 600 958 642 me
980 583 1085 642 mulier
1100 582 1226 644 nomino.

201 693 296 753 Nimis
319 693 418 766 miror,
442 691 594 769 quidhoc
617 693 654 753 sit
675 693 786 771 negoti.

638 802 795 854 Messenio

792 897 913 959 Oboluit
935 898 1138 976 marsuppium

201 1010 280 1069 Huio
301 1009 378 1070 istuo
403 1008 484 1084 quod
506 1007 609 1069 habos.

616 1117 822 1170 Mnomonuos

589 1213 692 1290 Atque
714 1214 823 1291 edepol
843 1218 876 1274 tu
897 1232 944 1274 me
966 1172 1104 1275 monuisti
1125 1216 1228 1292 probe.

152 1338 190 1380 aso
202 1325 318 1402 Aooipo
334 1325 403 1384 dum
418 1324 489 1386 hoo:
513 1324 573 1385 iam
592 1325 683 1401 soibo,
706 1330 804 1386 utrum
826 1325 903 1386 haee
921 1344 967 1386 mo
982 1344 1068 1404 mage
1091 1329 1169 1386 amet
1191 1346 1231 1386 an

818 1437 1030 1513 marsuppium.

647 1543 790 1597 Enorrnu

204 1643 315 1702 Eamus
336 1642 423 1717 intro,
447 1645 480 1701 ut
501 1641 710 1718 prandeamus.

614 1748 827 1802 Mnuunonuus

716 1847 799 1905 Beue
820 1863 926 1906 vooas:
950 1849 1011 1905 tam
1033 1799 1166 1922 gratiosi.

647 1954 789 2008 Enonluu

206 2053 266 2114 Our
287 2052 377 2130 igitur
398 2071 445 2113 me
467 2051 521 2112 tibi
541 2049 653 2112 iussisti
676 2067 804 2126 paquara
828 2050 940 2111 dudum
960 2051 1142 2129 prandium?

613 2159 827 2214 Mnuauonnus

153 2271 191 2314 888
205 2259 291 2335 Egon
312 2262 342 2318 to
363 2257 437 2318 iussi
458 2256 610 2333 ooquerei

648 2363 792 2418 Enomuu

616 2462 712 2538 Certo,
735 2461 790 2520 tibi
812 2465 842 2521 ot
862 2461 994 2537 parasito
1017 2465 1076 2520 tuo.

615 2568 828 2624 Mnunuenuus

207 2668 271 2743 Oui,
294 2669 413 2743 malum,
436 2666 588 2744 parasito?
610 2671 691 2727 nerto
713 2666 789 2727 haee
812 2666 918 2727 mulier
933 2685 992 2728 nou
1008 2671 1109 2727 sanast
1129 2667 1209 2727 satis.

649 2749 809 2829 Enorruu'

155 2892 193 2934 888
207 2873 358 2934 Peniculo.

417 3003 424 3033 ι
615 2980 830 3035 Mnumonnus

361 3076 433 3149 Quis
454 3077 511 3137 iste
533 3081 579 3138 ost
598 3077 781 3138 Panioniusi
804 3077 855 3153 qui
865 3069 1062 3154 'extergentur
1076 3073 1213 3135 baxeae?

650 3185 792 3240 Enoruuu
1118 3165 1120 3170 ¹

207 3282 327 3343 Seilioet
350 3282 401 3358 qui
424 3282 535 3342 dudum
556 3287 655 3343 tooum
677 3282 767 3358 venit,
791 3300 858 3342 oum
879 3282 991 3358 pallam
1012 3279 1084 3340 mihi

207 3394 356 3469 Detulisti,
381 3412 470 3470 quam
493 3394 531 3455 ab
554 3412 646 3454 uxore
668 3397 721 3454 tua
742 3393 930 3470 surrupuisti.

413 3498 415 3506 ’
617 3509 832 3565 Mnunnouuus

935 3605 1014 3679 Quid
1037 3605 1102 3665 esti

156 3741 194 3783 888
207 3718 277 3778 Tibi
298 3719 409 3794 pallam
433 3718 511 3794 dedi,
537 3737 626 3794 quam
648 3718 734 3778 uxori
756 3736 838 3779 meae
862 3716 1023 3794 surrupui?
1044 3734 1138 3776 sanan
1161 3715 1215 3776 osi

209 3830 295 3890 Corte
317 3829 393 3890 haee
415 3830 520 3890 mulier
543 3831 694 3891 canterino
716 3831 774 3890 ritu
797 3834 899 3890 astans
923 3828 1055 3890 somniat.

277 4021 325 4066 378
345 4021 445 4081 negotu
459 4017 504 4069 Bc
573 4021 620 4066 383
641 4017 714 4080 Egon
729 4018 846 4068 Bothios:
868 4017 959 4080 Egone
1030 4017 1078 4064 333
1097 4014 1235 4065 Cermalo

209 4103 272 4164 apr,
292 4102 311 4154 C
328 4104 377 4154 Cur
396 4104 498 4154 molum
513 4104 607 4153 Beorr
693 4106 740 4152 333
760 4103 864 4154 baxeae
877 4103 1026 4153 Scutarios:
1048 4100 1150 4150 bexeao

210 4192 258 4237 336
273 4188 373 4252 qumC
441 4193 488 4238 389
500 4189 579 4239 Certo
589 4190 643 4241 cod.
653 4189 794 4252 Lipsiensis
852 4189 926 4239 ritud
939 4188 1090 4238 Ritsohelr'os
1146 4186 1237 4237 Festos

917 4358 925 4376 .
1016 4288 1031 4338 3
