3102 4766
308 266 348 328 30
522 262 587 319 Act.
601 278 625 318 11
644 263 719 320 Sci
739 265 774 320 V.
788 267 900 320 63-75.
921 264 967 320 Sc.
982 268 996 317 3
1015 266 1052 322 V.
1068 268 1133 318 1-2

761 437 916 492 Mussnruo

255 539 293 580 ³³⁵
308 534 428 594 Minime
451 534 553 595 hercle
576 536 696 595 mirum:
722 554 834 596 morem
856 535 936 596 huuc
960 537 1130 597 meretrices
1153 535 1279 596 habeut:

307 646 357 705 Ad
380 650 499 722 portum
523 648 642 707 mittunt
664 649 798 708 servolos
822 649 995 708 ancillulas:

308 757 339 817 si
364 775 440 832 quae
463 759 624 834 peregriua
645 759 731 818 navis
753 760 785 818 in
808 763 927 834 portum
949 759 1080 832 advenit,

308 870 450 944 Rogitaut
472 870 578 929 cuiatis
601 870 647 945 sit,
674 870 746 946 quid
770 871 797 930 ei
819 889 927 931 nomeu
950 871 1021 929 siet:

308 982 432 1040 Postilla
455 983 604 1058 extemplo
628 1000 660 1042 se
683 983 838 1058 applicant
860 982 1063 1058 agglutinant3

257 1100 295 1142 3⁴0
309 1092 339 1152 Si
362 1093 559 1168 pellexerunt,
583 1093 732 1169 perditum
756 1095 894 1153 amittunt
916 1092 1044 1152 domum.

308 1205 395 1263 Nunc
418 1205 449 1263 in
471 1205 546 1264 istoc
569 1209 658 1279 portu
681 1210 740 1265 stat
761 1206 846 1265 navis
869 1204 1069 1280 praedatoria.

309 1316 374 1390 Aps
399 1333 458 1390 qua
481 1315 647 1376 cavendum
670 1317 756 1376 nobis
780 1335 851 1377 sanc
875 1334 991 1376 censeo.

722 1425 935 1479 mnumcunus

308 1521 412 1580 Mones
437 1520 557 1596 quidem
579 1519 681 1582 hercle
703 1527 793 1583 recte.

747 1630 902 1686 Mussnuro

796 1730 873 1789 Tum
896 1729 1013 1788 demum
1036 1727 1128 1787 seiam

309 1839 402 1898 Recte
424 1840 583 1915 monuisse,
608 1840 632 1900 si
655 1844 687 1900 tu
709 1845 791 1900 recte
814 1840 938 1899 caveris.

721 1947 935 2002 Muunuoumus

260 2061 297 2102 eas
311 2044 393 2103 Tace
417 2044 486 2104 dum
508 2063 685 2121 parumper:
710 2065 778 2105 uam
802 2046 976 2121 concrepuit
998 2045 1114 2105 ostium.

310 2155 480 2232 Videamus,
506 2157 557 2231 qui
579 2157 649 2216 hino
672 2157 832 2233 egreditur.

747 2265 903 2331 Musarum

833 2364 899 2422 Hoc
922 2379 1041 2447 ponam¹
1053 2361 1179 2422 interim.

312 2473 513 2534 Adservatote
536 2472 611 2534 haec
635 2475 660 2534 si
682 2475 780 2549 voltis,
804 2475 927 2534 navales
949 2474 1052 2550 pedes.

724 2681 930 2688 ———-——-—-

319 2866 505 2928 EROTIUM
534 2869 697 2927 MULIER.
747 2867 1027 2928 MENAEOHMUS
1056 2868 1329 2930 ADULESCENS.

636 2978 836 3039 MESSENIO
859 2979 1009 3040 SERVUS

677 3185 684 3198 ,
757 3147 899 3202 Enomuu

260 3266 298 3307 aas
313 3246 382 3306 Siue
404 3245 485 3305 fores
508 3245 560 3320 sic,
585 3246 648 3305 abi:
673 3247 744 3306 nolo
767 3246 886 3321 operiri.

311 3361 396 3419 Intus
419 3376 503 3434 para,
528 3375 609 3433 cura,
633 3357 711 3433 vide,
737 3358 819 3434 quod
842 3360 931 3433 opust
953 3356 1020 3416 fiat:

313 3547 415 3608 Lipsius
519 3549 567 3594 337
588 3547 615 3595 Si
633 3559 687 3610 qua
698 3547 720 3595 B
732 3559 792 3595 corr
805 3547 858 3595 Sed
871 3545 960 3609 quaAB
969 3556 1005 3606 pr
1023 3543 1076 3593 Sed
1092 3557 1156 3610 qma
1173 3544 1192 3594 0
1204 3557 1274 3607 quac
1287 3545 1343 3594 iiii-

312 3634 422 3682 seuerius
500 3635 548 3680 338
569 3632 720 3682 Priscianus
734 3635 775 3691 77,
792 3644 820 3692 p.
834 3634 892 3691 733,
905 3629 937 3678 79
956 3630 987 3680 H.
1003 3621 1104 3689 ‘cuias,
1124 3631 1204 3679 cuius
1217 3630 1343 3680 nomina-

314 3720 401 3769 tivum
414 3717 496 3767 etiam
510 3717 608 3767 cuiatis
622 3717 762 3766 communi
775 3728 872 3779 genere
885 3715 990 3778 antiqui
1002 3714 1188 3779 proferebant.
1204 3714 1342 3765 Plautus..

314 3805 387 3855 idem
400 3805 428 3853 in
441 3801 623 3853 Menaechmis
636 3801 774 3865 “acquam
793 3801 891 3851 cuiatis
910 3801 947 3850 sit
963 3804 1009 3851 cut
1026 3813 1075 3862 quo
1093 3813 1127 3850 ccc
1145 3793 1271 3861 oppido”.'

314 3890 452 3953 RogantB
518 3866 620 3953 quidB
691 3891 739 3936 339
753 3886 864 3937 Postilla
877 3887 1011 3951 extemplo
1028 3886 1182 3936 Guilelmus:
1204 3885 1263 3936 Polt
1281 3886 1343 3935 rllee

314 3977 480 4041 extemploB
491 3972 553 4028 Post
566 3976 611 4024 ille
623 3973 758 4038 extemplo
775 3972 794 4023 G
851 3975 899 4022 iiio
913 3973 977 4022 hmo
991 3973 1112 4023 creditur
1125 3972 1146 4021 B
1156 3985 1200 4033 pr,
1213 3971 1241 4032 G,
1256 3973 1343 4021 ccrrB

383 4066 432 4112 377
452 4063 531 4113 sultis
551 4062 661 4123 Pylades
758 4061 976 4120 monsacutus,
997 4062 1028 4107 30
1044 4050 1186 4108 ‘revocare
1204 4058 1303 4122 pedem
1317 4095 1342 4109 ..

315 4149 397 4200 etiam
410 4149 557 4200 fluviorum
571 4147 626 4197 dici
638 4158 719 4209 posse
732 4183 754 4197 ..
769 4148 796 4195 et
807 4145 918 4195 Plautus
930 4158 1020 4196 remos
1034 4145 1146 4194 navium
1157 4144 1240 4208 pedes
1254 4137 1339 4194 dixit?
