3056 4768
414 322 480 379 Aet.
493 340 512 378 v
530 322 602 378 Set
621 322 654 378 V.
669 324 812 376 112-122.
836 322 882 378 So.
897 325 912 374 3
930 323 966 379 V.
982 324 1048 374 1-5
1194 327 1231 387 71

151 524 190 565 ssa
203 503 267 563 Iam
295 501 397 562 adstiti
418 501 450 559 in
475 517 611 575 ourrum,
641 499 701 559 iam
728 500 794 558 lora
816 502 921 573 teneo,
951 499 1010 558 iam
1033 500 1182 559 stimulum
1204 500 1235 558 in

931 615 1058 671 manust.

203 725 303 802 Agite,
327 725 406 801 equi,
429 724 551 784 faoitote
574 723 688 783 sonitus
710 723 890 798 ungularum
913 727 1077 798 appareat:

205 836 301 897 Cursu
323 836 415 896 aeleri
435 836 526 896 iaoite
546 835 579 895 in
600 835 680 894 flexu
703 835 741 893 sit
763 833 873 910 pedum
895 834 1067 910 pernicitas.

672 968 770 1020 Snunx

152 1113 190 1155 ast
204 1092 298 1154 Mihin
321 1093 407 1169 equis
428 1093 538 1153 innotis
559 1091 696 1152 minaret

618 1227 825 1279 disseruerimus

701 1349 781 1409 Eooe
802 1350 915 1427 Apollo
939 1351 1038 1411 denuo

204 1463 252 1523 Me
274 1462 360 1522 iubes
381 1462 482 1521 faeere
508 1461 643 1538 inpetum
665 1463 697 1521 in
719 1480 786 1522 eum
810 1462 861 1537 qui
887 1466 947 1522 stat
969 1466 1060 1538 atque
1083 1461 1231 1521 oeeidere.

205 1573 265 1635 Sed
288 1573 355 1650 quis
376 1571 426 1632 hio
449 1577 502 1647 est,
528 1573 579 1647 qui
601 1591 647 1632 me
670 1573 780 1650 oapillo
803 1572 873 1633 hino
896 1574 933 1634 de
956 1592 1046 1634 ourru
1069 1571 1201 1649 deripit?

153 1703 193 1745 seo
205 1686 366 1762 Imperium
387 1688 470 1744 tuum
493 1684 625 1744 demutat
647 1688 738 1760 atque
762 1685 892 1745 ediotum
913 1685 1075 1763 Apollinis.

670 1816 771 1871 Sanun

202 1943 269 2002 Heu
292 1940 394 2002 herole
416 1941 551 2000 morbum
574 1959 673 2001 aerem
696 1960 731 2001 ae
755 1942 871 2016 durum,
895 1941 926 2001 di
948 1945 1081 2002 vostram
1104 1941 1201 2002 fidem.

202 2055 259 2113 Vel
281 2052 338 2128 hio,
364 2053 416 2129 qui
437 2052 557 2126 insanit,
583 2071 673 2128 quam
694 2054 791 2114 valuit
812 2054 903 2130 paulo
926 2053 1028 2129 prius:

206 2164 244 2223 Ei
267 2164 428 2240 derepente
449 2167 551 2223 tantus
573 2166 694 2225 morbus
716 2165 829 2224 incidit.

207 2276 261 2336 Ibo
284 2279 375 2351 atque
398 2292 548 2335 aooersam
572 2276 717 2336 mediorum
741 2278 800 2336 iam
824 2280 967 2351 quantum
989 2279 1096 2352 potest.

615 2409 830 2463 Munnncnnus

155 2535 309 2599 solamne
330 2533 381 2593 isti
403 2533 548 2608 abierunt,
576 2549 697 2609 quaeso,
722 2550 759 2592 ex
782 2536 946 2608 eonspeotu
969 2549 1044 2606 meo,

207 2644 265 2717 Qui
287 2663 333 2704 me
355 2645 385 2703 vi
409 2648 519 2721 cogunt
541 2649 574 2704 ut
595 2644 714 2704 validus
736 2644 907 2705 insaniant

208 2756 286 2828 Quid
309 2773 393 2816 oesso
416 2756 500 2815 abire
522 2756 562 2816 ad
584 2775 701 2831 navem,
726 2757 795 2817 dum
818 2758 901 2816 salvo
925 2757 1011 2830 lioet;
1039 2789 1043 2794 -

207 2868 329 2942 Vosque
352 2867 445 2927 omnis
470 2884 591 2942 quaeso,
616 2868 641 2928 si
663 2885 755 2928 senex
776 2869 935 2942 revenerit,

206 2979 253 3038 Ne
275 2997 322 3038 me
344 2978 481 3038 indioetis
506 2996 565 3053 qua
587 2981 689 3055 platea
711 2979 782 3039 hino
805 2980 980 3055 aufugerim.

207 3280 263 3335 trus
371 3287 419 3334 856
444 3300 527 3337 manu
547 3286 657 3336 Brixiae
768 3290 817 3336 866
837 3287 935 3337 inflexa
954 3287 1044 3337 Doara
1154 3281 1257 3337 unte,

682 3363 690 3391 l

208 3393 304 3448 suntB
422 3401 469 3447 857
490 3411 601 3448 manare
617 3397 637 3447 C
653 3400 800 3466 manareB
913 3398 1240 3462 sesquiseptimae

207 3484 274 3544 qaod
291 3483 335 3532 hie
352 3484 480 3534 addatur:
500 3484 567 3546 cous.
583 3485 675 3536 Pseud.
689 3489 737 3536 967
758 3486 787 3536 R.
807 3485 879 3552 Heus
898 3489 943 3546 tu,
963 3486 1093 3549 quicum
1112 3485 1240 3548 hirquinu

207 3570 263 3618 stas
276 3568 373 3628 barba,
392 3571 528 3633 responde
547 3570 622 3634 quod
641 3584 721 3635 rogo;
742 3575 779 3621 sio
797 3573 866 3631 libri,
881 3571 1001 3633 aquibus
1013 3572 1172 3634 lonqiasoole
1185 3572 1239 3619 dis-

208 3656 282 3704 cessit
300 3654 466 3714 flitrcoelias;
491 3656 566 3706 Poeo.
587 3659 612 3715 5,
629 3658 652 3716 6,
667 3659 698 3706 56
723 3657 753 3706 In
771 3670 860 3721 pauca
883 3656 991 3707 confer:
1013 3657 1111 3707 sitiunt
1128 3657 1176 3720 qui
1194 3668 1239 3705 se-

209 3740 272 3790 dent
348 3743 397 3789 866
417 3742 498 3804 atque
518 3741 623 3791 drotum
637 3742 689 3802 BC,
710 3745 769 3793 olim
787 3748 932 3793 correctam
1015 3745 1059 3792 866
1078 3742 1119 3791 Eu
1132 3742 1153 3790 B
1166 3741 1204 3790 Eo
1221 3740 1240 3790 C

294 3830 342 3875 869
363 3825 443 3877 Nrme
457 3826 510 3885 BC,
531 3827 562 3889 cf.
575 3840 640 3877 mas.
655 3829 733 3878 Rhea.
748 3832 808 3878 6866
824 3842 854 3891 p.
868 3831 915 3877 638
